orderHash,marketId,subaccountId,executionType,orderType,price,quantity,updated_at,state,created_at
0x5c356486ea92183fb83b6334690ab6ca17a9a3b0638972ee7805376d53368804,0x056fd86c5b8bde4a4f03552e281db86fc6c110a13a79b98b2011aa84bb0ec340,0x935b705b5943b0e1b859651d2ccf375bc96dfdd7000000000000000000000049,limit,buy,306380000,42,2025-04-16 20:00:56.967,canceled,2025-04-16 20:00:02.734
0xfc09de37b4bb8772c86f3911c976e9aaaad9f83da5ce71a33e496d4101d4d1df,0x056fd86c5b8bde4a4f03552e281db86fc6c110a13a79b98b2011aa84bb0ec340,0x935b705b5943b0e1b859651d2ccf375bc96dfdd7000000000000000000000049,limit,sell,315020000,42,2025-04-16 20:00:56.967,canceled,2025-04-16 20:00:02.734
0xe1b90162407e3015bb58438b0b844fc07a4d06b29dba60c8e16228c17537697c,0x056fd86c5b8bde4a4f03552e281db86fc6c110a13a79b98b2011aa84bb0ec340,0x935b705b5943b0e1b859651d2ccf375bc96dfdd7000000000000000000000049,limit,buy,303980000,42,2025-04-16 20:00:02.734,canceled,2025-04-16 20:00:02.048
0x258725b2f96a54bca0f2026f200c3fd337aa6559eb594c56d00f24bbee50d1df,0x056fd86c5b8bde4a4f03552e281db86fc6c110a13a79b98b2011aa84bb0ec340,0x935b705b5943b0e1b859651d2ccf375bc96dfdd7000000000000000000000049,limit,sell,315020000,42,2025-04-16 20:00:02.734,canceled,2025-04-16 20:00:02.048
0xb985690a244f7ec8bd978c3dba9f9a67ae4fc776960e075891091cf400e50118,0x056fd86c5b8bde4a4f03552e281db86fc6c110a13a79b98b2011aa84bb0ec340,0x935b705b5943b0e1b859651d2ccf375bc96dfdd7000000000000000000000049,limit,buy,302160000,42,2025-04-16 20:00:02.048,canceled,2025-04-16 20:00:01.378
0xcf342e5d74518d88d14efa16a760f440bf1fb4784ec93f50d16c6449a48eb833,0x056fd86c5b8bde4a4f03552e281db86fc6c110a13a79b98b2011aa84bb0ec340,0x935b705b5943b0e1b859651d2ccf375bc96dfdd7000000000000000000000049,limit,sell,315020000,42,2025-04-16 20:00:02.048,canceled,2025-04-16 20:00:01.378
0x91317f902fb5a1321211f192fbf088f3dc98e8d47528978ef7c97f0562d8a999,0x056fd86c5b8bde4a4f03552e281db86fc6c110a13a79b98b2011aa84bb0ec340,0x935b705b5943b0e1b859651d2ccf375bc96dfdd7000000000000000000000049,limit,buy,306530000,42,2025-04-16 20:00:01.378,canceled,2025-04-16 20:00:00.715
0xd694022fb0704d504a701f966f843163965e9d57423dd570b1731797d84594c9,0x056fd86c5b8bde4a4f03552e281db86fc6c110a13a79b98b2011aa84bb0ec340,0x935b705b5943b0e1b859651d2ccf375bc96dfdd7000000000000000000000049,limit,sell,310720000,42,2025-04-16 20:00:01.378,canceled,2025-04-16 20:00:00.715
0x17c5aaba4c05986d58ddfdcb761f7cd45e5619c77db09fb46616f20840e3f092,0x056fd86c5b8bde4a4f03552e281db86fc6c110a13a79b98b2011aa84bb0ec340,0x935b705b5943b0e1b859651d2ccf375bc96dfdd7000000000000000000000049,limit,buy,308800000,42,2025-04-16 20:00:00.715,canceled,2025-04-16 20:00:00.087
0x5e5ecd0fb419bec96e2386dd78859803e6096e586f176f4486411d92f6c6ecad,0x056fd86c5b8bde4a4f03552e281db86fc6c110a13a79b98b2011aa84bb0ec340,0x935b705b5943b0e1b859651d2ccf375bc96dfdd7000000000000000000000049,limit,sell,309140000,42,2025-04-16 20:00:00.715,canceled,2025-04-16 20:00:00.087
0x7b000079a9a54a484db57c93b02686ddc79a7d5427a02ae21f7d2f55431bc26b,0x056fd86c5b8bde4a4f03552e281db86fc6c110a13a79b98b2011aa84bb0ec340,0x935b705b5943b0e1b859651d2ccf375bc96dfdd7000000000000000000000049,limit,buy,308900000,42,2025-04-16 20:00:00.087,canceled,2025-04-16 19:59:54.285
0x23716e6b2e3532f26403d830f1a3c90dc4df59fe694fc7d2a7b2e41f4c0fd0a4,0x056fd86c5b8bde4a4f03552e281db86fc6c110a13a79b98b2011aa84bb0ec340,0x935b705b5943b0e1b859651d2ccf375bc96dfdd7000000000000000000000049,limit,sell,309170000,42,2025-04-16 20:00:00.087,canceled,2025-04-16 19:59:54.285
0x500b546fa12e5f53033d47048909017c5a401d0399ccb5f2e3aeeee6f82675da,0x056fd86c5b8bde4a4f03552e281db86fc6c110a13a79b98b2011aa84bb0ec340,0x935b705b5943b0e1b859651d2ccf375bc96dfdd7000000000000000000000049,limit,buy,309000000,42,2025-04-16 19:59:54.285,canceled,2025-04-16 19:59:50.437
0xdd0103b6507f312fe9c6068b0f797a5b20c16e8319723a134a6f72ffa2113afa,0x056fd86c5b8bde4a4f03552e281db86fc6c110a13a79b98b2011aa84bb0ec340,0x935b705b5943b0e1b859651d2ccf375bc96dfdd7000000000000000000000049,limit,sell,309190000,42,2025-04-16 19:59:54.285,canceled,2025-04-16 19:59:50.437
0xb54ba29f55ddf4f484c4d1c500a66ec37c9b88c2cb958b447b3ffd3ef9ff1aca,0x056fd86c5b8bde4a4f03552e281db86fc6c110a13a79b98b2011aa84bb0ec340,0x935b705b5943b0e1b859651d2ccf375bc96dfdd7000000000000000000000049,limit,buy,308960000,42,2025-04-16 19:59:50.437,canceled,2025-04-16 19:59:46.100
0x54a3973e164117d7e4601c9be5dfbfa3dc4312fabe99f91ea773092fe19bae17,0x056fd86c5b8bde4a4f03552e281db86fc6c110a13a79b98b2011aa84bb0ec340,0x935b705b5943b0e1b859651d2ccf375bc96dfdd7000000000000000000000049,limit,sell,309170000,42,2025-04-16 19:59:50.437,canceled,2025-04-16 19:59:46.100
0x7cbc25374d59229e5d0a24b341f3cefe897b3ee8f7e208362bf9deb05536a903,0x056fd86c5b8bde4a4f03552e281db86fc6c110a13a79b98b2011aa84bb0ec340,0x935b705b5943b0e1b859651d2ccf375bc96dfdd7000000000000000000000049,limit,buy,309030000,42,2025-04-16 19:59:46.100,canceled,2025-04-16 19:59:45.456
0x296fd177ff9a32ef46be8275b920d8debd2d78699e0e97137f90ce0edc03e51a,0x056fd86c5b8bde4a4f03552e281db86fc6c110a13a79b98b2011aa84bb0ec340,0x935b705b5943b0e1b859651d2ccf375bc96dfdd7000000000000000000000049,limit,sell,309160000,42,2025-04-16 19:59:46.100,canceled,2025-04-16 19:59:45.456
0x52cce75d8af59a9d760f2ad849e1c7ee792eea0a83f758418b597a8e6693a01b,0x056fd86c5b8bde4a4f03552e281db86fc6c110a13a79b98b2011aa84bb0ec340,0x935b705b5943b0e1b859651d2ccf375bc96dfdd7000000000000000000000049,limit,buy,308950000,42,2025-04-16 19:59:45.456,canceled,2025-04-16 19:59:43.491
0x8dc29987b9a455ef973291153fd577621c35470e4b616ce0342f40881f6bde51,0x056fd86c5b8bde4a4f03552e281db86fc6c110a13a79b98b2011aa84bb0ec340,0x935b705b5943b0e1b859651d2ccf375bc96dfdd7000000000000000000000049,limit,sell,309060000,42,2025-04-16 19:59:45.456,canceled,2025-04-16 19:59:43.491
0x17e33f5533bcc2668979a2c29e471400b5542d443de17105f25b4358013975a5,0x056fd86c5b8bde4a4f03552e281db86fc6c110a13a79b98b2011aa84bb0ec340,0x935b705b5943b0e1b859651d2ccf375bc96dfdd7000000000000000000000049,limit,buy,308890000,42,2025-04-16 19:59:43.491,canceled,2025-04-16 19:59:40.724
0xb47c76bcf537e1d559e62aa8e3788ab0885bac02add4aafe272f4d3d4ca125f1,0x056fd86c5b8bde4a4f03552e281db86fc6c110a13a79b98b2011aa84bb0ec340,0x935b705b5943b0e1b859651d2ccf375bc96dfdd7000000000000000000000049,limit,sell,309010000,42,2025-04-16 19:59:43.491,canceled,2025-04-16 19:59:40.724
0x5a1085cbc22d554320e52c76d898b6647678f2936c059472a38602228eada336,0x056fd86c5b8bde4a4f03552e281db86fc6c110a13a79b98b2011aa84bb0ec340,0x935b705b5943b0e1b859651d2ccf375bc96dfdd7000000000000000000000049,limit,buy,308830000,42,2025-04-16 19:59:40.724,canceled,2025-04-16 19:59:37.971
0x2ab738e28e75d733bb5a188a96f679f0788d5bd06cf6baa44e7d39d4a1d7f951,0x056fd86c5b8bde4a4f03552e281db86fc6c110a13a79b98b2011aa84bb0ec340,0x935b705b5943b0e1b859651d2ccf375bc96dfdd7000000000000000000000049,limit,sell,308960000,42,2025-04-16 19:59:40.724,canceled,2025-04-16 19:59:37.971
0x880afe4838d4220ea2c3b7db41b6690e0e2c2f7ed7111cd884f2726f80437901,0x056fd86c5b8bde4a4f03552e281db86fc6c110a13a79b98b2011aa84bb0ec340,0x935b705b5943b0e1b859651d2ccf375bc96dfdd7000000000000000000000049,limit,buy,308840000,42,2025-04-16 19:59:37.971,canceled,2025-04-16 19:59:31.305
0xb57f3fc0d7ffe9f830dbbc407feb50dff6f54d96d84add2b40d87c7509aca382,0x056fd86c5b8bde4a4f03552e281db86fc6c110a13a79b98b2011aa84bb0ec340,0x935b705b5943b0e1b859651d2ccf375bc96dfdd7000000000000000000000049,limit,sell,309060000,42,2025-04-16 19:59:37.971,canceled,2025-04-16 19:59:31.305
0x838fce206f2a2eb7a35fecc885994677a3f1b2bb52dea1d9fa46f02b6aaf025e,0x056fd86c5b8bde4a4f03552e281db86fc6c110a13a79b98b2011aa84bb0ec340,0x935b705b5943b0e1b859651d2ccf375bc96dfdd7000000000000000000000049,limit,buy,308830000,42,2025-04-16 19:59:31.305,canceled,2025-04-16 19:59:30.655
0x54f242d33c22fd79d87b1123ec61004e405c758710d398e35a343c8fad8eab0c,0x056fd86c5b8bde4a4f03552e281db86fc6c110a13a79b98b2011aa84bb0ec340,0x935b705b5943b0e1b859651d2ccf375bc96dfdd7000000000000000000000049,limit,sell,309020000,42,2025-04-16 19:59:31.305,canceled,2025-04-16 19:59:30.655
0xf7eba419cbbe321bbf431628462cc2767264a9c993e73d43f6150c51ef90082d,0x056fd86c5b8bde4a4f03552e281db86fc6c110a13a79b98b2011aa84bb0ec340,0x935b705b5943b0e1b859651d2ccf375bc96dfdd7000000000000000000000049,limit,buy,308870000,42,2025-04-16 19:59:30.655,canceled,2025-04-16 19:59:19.220
0x80660706642604f49cb766f0fde2739abeeb0f9db0b0a44ef05ae45f852bdb44,0x056fd86c5b8bde4a4f03552e281db86fc6c110a13a79b98b2011aa84bb0ec340,0x935b705b5943b0e1b859651d2ccf375bc96dfdd7000000000000000000000049,limit,sell,309060000,42,2025-04-16 19:59:30.655,canceled,2025-04-16 19:59:19.220
0x24ab13d7dd76623c1caffa0980ee365b6ba6d7b257c58eaf83a404efab9a4e7b,0x056fd86c5b8bde4a4f03552e281db86fc6c110a13a79b98b2011aa84bb0ec340,0x935b705b5943b0e1b859651d2ccf375bc96dfdd7000000000000000000000049,limit,buy,308890000,42,2025-04-16 19:59:19.220,canceled,2025-04-16 19:59:11.762
0x5994e2dd522bd7cc62f6bc895ff0b04472b361094c84a41807a909e937a5027f,0x056fd86c5b8bde4a4f03552e281db86fc6c110a13a79b98b2011aa84bb0ec340,0x935b705b5943b0e1b859651d2ccf375bc96dfdd7000000000000000000000049,limit,sell,309060000,42,2025-04-16 19:59:19.220,canceled,2025-04-16 19:59:11.762
0x096357b8387cad1776a7c203f323d4d4f814cfe5dc92f3d03895bc4e555d44cd,0x056fd86c5b8bde4a4f03552e281db86fc6c110a13a79b98b2011aa84bb0ec340,0x935b705b5943b0e1b859651d2ccf375bc96dfdd7000000000000000000000049,limit,buy,308940000,42,2025-04-16 19:59:11.762,canceled,2025-04-16 19:59:09.861
0xcb67002280ec74e8ad7b8aa1029f872d9ace462fe2ebfe07b57d81b5fe6d8487,0x056fd86c5b8bde4a4f03552e281db86fc6c110a13a79b98b2011aa84bb0ec340,0x935b705b5943b0e1b859651d2ccf375bc96dfdd7000000000000000000000049,limit,sell,309110000,42,2025-04-16 19:59:11.762,canceled,2025-04-16 19:59:09.861
0xb29c1b3cd40b4708d4e3a45f0d0746f34ee66c8c56ca2b770e21fda7557e0d36,0x056fd86c5b8bde4a4f03552e281db86fc6c110a13a79b98b2011aa84bb0ec340,0x935b705b5943b0e1b859651d2ccf375bc96dfdd7000000000000000000000049,limit,buy,308950000,42,2025-04-16 19:59:09.861,canceled,2025-04-16 19:59:06.278
0x1355449f7110a77c47b7010ad37bc5d66257a899dede66d35d31377b92ca5084,0x056fd86c5b8bde4a4f03552e281db86fc6c110a13a79b98b2011aa84bb0ec340,0x935b705b5943b0e1b859651d2ccf375bc96dfdd7000000000000000000000049,limit,sell,309180000,42,2025-04-16 19:59:09.861,canceled,2025-04-16 19:59:06.278
0x19d543db6d7c35d499cc96711e73627dc9908d816bcda4f2b243f556181bbf36,0x056fd86c5b8bde4a4f03552e281db86fc6c110a13a79b98b2011aa84bb0ec340,0x935b705b5943b0e1b859651d2ccf375bc96dfdd7000000000000000000000049,limit,buy,309010000,42,2025-04-16 19:59:06.278,canceled,2025-04-16 19:59:04.062
0x181ef7bc0841c82947599b6aca4960a4fd87089c9b8ba6ba3d2b4c81d3334f41,0x056fd86c5b8bde4a4f03552e281db86fc6c110a13a79b98b2011aa84bb0ec340,0x935b705b5943b0e1b859651d2ccf375bc96dfdd7000000000000000000000049,limit,sell,309280000,42,2025-04-16 19:59:06.278,canceled,2025-04-16 19:59:04.062
0x29e2dd3314c6fb06bbca00f080ee0a0761cc6d0611937c7fac911faa58213b1b,0x056fd86c5b8bde4a4f03552e281db86fc6c110a13a79b98b2011aa84bb0ec340,0x935b705b5943b0e1b859651d2ccf375bc96dfdd7000000000000000000000049,limit,buy,309010000,42,2025-04-16 19:59:04.062,canceled,2025-04-16 19:59:03.577
0xfe96093c002504d3b492631255daaa4c0a796321761630baa78a47b66309153d,0x056fd86c5b8bde4a4f03552e281db86fc6c110a13a79b98b2011aa84bb0ec340,0x935b705b5943b0e1b859651d2ccf375bc96dfdd7000000000000000000000049,limit,sell,309180000,42,2025-04-16 19:59:04.062,canceled,2025-04-16 19:59:03.577
0xf850c064fdb6e744bd859b81c4653d004ce0d0f9b165d13f601d6aef0700b7ba,0x056fd86c5b8bde4a4f03552e281db86fc6c110a13a79b98b2011aa84bb0ec340,0x935b705b5943b0e1b859651d2ccf375bc96dfdd7000000000000000000000049,limit,buy,309060000,42,2025-04-16 19:59:03.577,canceled,2025-04-16 19:59:00.513
0x70f124537e861e5721cd068fa70859dd9ee3e89ed86a8bccd3e4a7a26bbc3ca1,0x056fd86c5b8bde4a4f03552e281db86fc6c110a13a79b98b2011aa84bb0ec340,0x935b705b5943b0e1b859651d2ccf375bc96dfdd7000000000000000000000049,limit,sell,309230000,42,2025-04-16 19:59:03.577,canceled,2025-04-16 19:59:00.513
0x42901dcc88a304e4371277f5e886a15e49ecd8667bba4685526a130d35efc20a,0x056fd86c5b8bde4a4f03552e281db86fc6c110a13a79b98b2011aa84bb0ec340,0x935b705b5943b0e1b859651d2ccf375bc96dfdd7000000000000000000000049,limit,buy,308890000,42,2025-04-16 19:59:00.513,canceled,2025-04-16 19:58:38.799
0xaecc16850e146a0e1a7916d4d12b5e75167c99e34cd1e5ee7b2108d7dfc14d9f,0x056fd86c5b8bde4a4f03552e281db86fc6c110a13a79b98b2011aa84bb0ec340,0x935b705b5943b0e1b859651d2ccf375bc96dfdd7000000000000000000000049,limit,sell,309080000,42,2025-04-16 19:59:00.513,canceled,2025-04-16 19:58:38.799
0xafd5c2b79682738647ae3bf0e5900f97504896e05b01b19b81c286e4b97a4009,0x056fd86c5b8bde4a4f03552e281db86fc6c110a13a79b98b2011aa84bb0ec340,0x935b705b5943b0e1b859651d2ccf375bc96dfdd7000000000000000000000049,limit,buy,308890000,42,2025-04-16 19:58:38.799,canceled,2025-04-16 19:58:37.864
0x3cf32c6eae4bd6b2194f9ae62bbca13e98878ea051c4f9024541ccccd90e1ca6,0x056fd86c5b8bde4a4f03552e281db86fc6c110a13a79b98b2011aa84bb0ec340,0x935b705b5943b0e1b859651d2ccf375bc96dfdd7000000000000000000000049,limit,sell,309040000,42,2025-04-16 19:58:38.799,canceled,2025-04-16 19:58:37.864
0x336dca65bebddbdb3e6188e321b6965b057914441a27ef1a415abc8d5b7ad434,0x056fd86c5b8bde4a4f03552e281db86fc6c110a13a79b98b2011aa84bb0ec340,0x935b705b5943b0e1b859651d2ccf375bc96dfdd7000000000000000000000049,limit,buy,308940000,42,2025-04-16 19:58:37.864,canceled,2025-04-16 19:58:19.445
0xbbf6f7543ef5bfe383a889cdc3dcc83876998f0d079bc57063b505d27d2388cc,0x056fd86c5b8bde4a4f03552e281db86fc6c110a13a79b98b2011aa84bb0ec340,0x935b705b5943b0e1b859651d2ccf375bc96dfdd7000000000000000000000049,limit,sell,309160000,42,2025-04-16 19:58:37.864,canceled,2025-04-16 19:58:19.445
0xe33c64103d5c3a8cf5cc317ca609b5edbf2032906c8c291339bc54964dcd0325,0x056fd86c5b8bde4a4f03552e281db86fc6c110a13a79b98b2011aa84bb0ec340,0x935b705b5943b0e1b859651d2ccf375bc96dfdd7000000000000000000000049,limit,buy,308830000,42,2025-04-16 19:58:19.445,canceled,2025-04-16 19:58:05.609
0xdba70b5651be6cc0d84c3be209598e8dd27090919060e2a56357c7970ee8aa38,0x056fd86c5b8bde4a4f03552e281db86fc6c110a13a79b98b2011aa84bb0ec340,0x935b705b5943b0e1b859651d2ccf375bc96dfdd7000000000000000000000049,limit,sell,309090000,42,2025-04-16 19:58:19.445,canceled,2025-04-16 19:58:05.609
0x1287809bd8a2d3a538fb35d39f2c64a8f6f9936fbb4fe707dac44143321883f0,0x056fd86c5b8bde4a4f03552e281db86fc6c110a13a79b98b2011aa84bb0ec340,0x935b705b5943b0e1b859651d2ccf375bc96dfdd7000000000000000000000049,limit,buy,308890000,42,2025-04-16 19:58:05.609,canceled,2025-04-16 19:58:04.945
0xc76daf913b6d76481c4a5f198e5d902631717dae3801a091efb86d3229fe631c,0x056fd86c5b8bde4a4f03552e281db86fc6c110a13a79b98b2011aa84bb0ec340,0x935b705b5943b0e1b859651d2ccf375bc96dfdd7000000000000000000000049,limit,sell,309060000,42,2025-04-16 19:58:05.609,canceled,2025-04-16 19:58:04.945
0xfe1b7ce9b9f75aeaaf215ea0484393c1e84145fe64978d55d7126d7d3524b420,0x056fd86c5b8bde4a4f03552e281db86fc6c110a13a79b98b2011aa84bb0ec340,0x935b705b5943b0e1b859651d2ccf375bc96dfdd7000000000000000000000049,limit,buy,308910000,42,2025-04-16 19:58:04.945,canceled,2025-04-16 19:58:02.263
0x46c0fc65b69192e8b41924af67faae8811d534cbbe2675c6aae53025ccea32f9,0x056fd86c5b8bde4a4f03552e281db86fc6c110a13a79b98b2011aa84bb0ec340,0x935b705b5943b0e1b859651d2ccf375bc96dfdd7000000000000000000000049,limit,sell,309090000,42,2025-04-16 19:58:04.945,canceled,2025-04-16 19:58:02.263
0x1f33fb3f5cee2e9dce99bfbd4dda82df71d1f999ffa8cc8ceb54b8123624d8c8,0x056fd86c5b8bde4a4f03552e281db86fc6c110a13a79b98b2011aa84bb0ec340,0x935b705b5943b0e1b859651d2ccf375bc96dfdd7000000000000000000000049,limit,buy,308910000,42,2025-04-16 19:58:02.263,canceled,2025-04-16 19:58:00.854
0x69c0083ef3e3c0595043ee450474546e1adfe4b1179c80399b604d131e5accbb,0x056fd86c5b8bde4a4f03552e281db86fc6c110a13a79b98b2011aa84bb0ec340,0x935b705b5943b0e1b859651d2ccf375bc96dfdd7000000000000000000000049,limit,sell,309070000,42,2025-04-16 19:58:02.263,canceled,2025-04-16 19:58:00.854
0x379ff0b6fde73c5ae5ab88d79af21ada4b3e6c0ca6c43dcd60db150e17d6afaa,0x056fd86c5b8bde4a4f03552e281db86fc6c110a13a79b98b2011aa84bb0ec340,0x935b705b5943b0e1b859651d2ccf375bc96dfdd7000000000000000000000049,limit,buy,308790000,42,2025-04-16 19:58:00.854,canceled,2025-04-16 19:58:00.223
0xfa1075f0818db0c9d194a9c8f2a2247f9b5556b371f69ce1857637e34b6b5d4c,0x056fd86c5b8bde4a4f03552e281db86fc6c110a13a79b98b2011aa84bb0ec340,0x935b705b5943b0e1b859651d2ccf375bc96dfdd7000000000000000000000049,limit,sell,308990000,42,2025-04-16 19:58:00.854,canceled,2025-04-16 19:58:00.223
0xe216a4e0b109f28829c221e372688346ac75b11ddc979bbfacd9933e644f5800,0x056fd86c5b8bde4a4f03552e281db86fc6c110a13a79b98b2011aa84bb0ec340,0x935b705b5943b0e1b859651d2ccf375bc96dfdd7000000000000000000000049,limit,buy,308790000,42,2025-04-16 19:58:00.223,canceled,2025-04-16 19:57:52.784
0x8edb0688ab76159ba16d65ebab6210584d014e36bc5db8624bbb3e76f7b5b91e,0x056fd86c5b8bde4a4f03552e281db86fc6c110a13a79b98b2011aa84bb0ec340,0x935b705b5943b0e1b859651d2ccf375bc96dfdd7000000000000000000000049,limit,sell,308910000,42,2025-04-16 19:58:00.223,canceled,2025-04-16 19:57:52.784
0xe7a5106ac3f3357720584254c53937120e739277d2c011348438f4b5ebdb8c8a,0x056fd86c5b8bde4a4f03552e281db86fc6c110a13a79b98b2011aa84bb0ec340,0x935b705b5943b0e1b859651d2ccf375bc96dfdd7000000000000000000000049,limit,buy,308790000,42,2025-04-16 19:57:52.784,canceled,2025-04-16 19:57:50.250
0xa120e8ea954f0a83e7d0a318d89de1e4c12524b3ee609c842a208083e1d85042,0x056fd86c5b8bde4a4f03552e281db86fc6c110a13a79b98b2011aa84bb0ec340,0x935b705b5943b0e1b859651d2ccf375bc96dfdd7000000000000000000000049,limit,sell,308900000,42,2025-04-16 19:57:52.784,canceled,2025-04-16 19:57:50.250
0xcdbf4df67fb7ea9ef5e0480db8f4171f1efdcf81146c7fdf07b1ac14e7412d00,0x056fd86c5b8bde4a4f03552e281db86fc6c110a13a79b98b2011aa84bb0ec340,0x935b705b5943b0e1b859651d2ccf375bc96dfdd7000000000000000000000049,limit,buy,308690000,42,2025-04-16 19:57:50.250,canceled,2025-04-16 19:57:45.313
0xe880c5f4c85fabe6740b3539fc2d3e4a5e0d301f24114444bab7dcca858c84f0,0x056fd86c5b8bde4a4f03552e281db86fc6c110a13a79b98b2011aa84bb0ec340,0x935b705b5943b0e1b859651d2ccf375bc96dfdd7000000000000000000000049,limit,sell,308880000,42,2025-04-16 19:57:50.250,canceled,2025-04-16 19:57:45.313
0xbcb171b0a6598f93d756f21a3d7ea99c503ff5d34fcead28d3e69dbbd51d3ba6,0x056fd86c5b8bde4a4f03552e281db86fc6c110a13a79b98b2011aa84bb0ec340,0x935b705b5943b0e1b859651d2ccf375bc96dfdd7000000000000000000000049,limit,buy,308510000,42,2025-04-16 19:57:45.313,canceled,2025-04-16 19:57:36.411
0x2ca3603566cab4d35adb50af42170b8e36a0741ed988844f2295441bc96dd1ef,0x056fd86c5b8bde4a4f03552e281db86fc6c110a13a79b98b2011aa84bb0ec340,0x935b705b5943b0e1b859651d2ccf375bc96dfdd7000000000000000000000049,limit,sell,308840000,42,2025-04-16 19:57:45.313,canceled,2025-04-16 19:57:36.411
0x1a399706b9426e2546cf7e5c025d26cf57faad6f493f1b7945c9594c80b6b29c,0x056fd86c5b8bde4a4f03552e281db86fc6c110a13a79b98b2011aa84bb0ec340,0x935b705b5943b0e1b859651d2ccf375bc96dfdd7000000000000000000000049,limit,buy,308560000,42,2025-04-16 19:57:36.411,canceled,2025-04-16 19:57:35.744
0xe8ceaa5b99ee4a64b824d2b4a18ad135724eadf315de6534f18f398b1e9417ed,0x056fd86c5b8bde4a4f03552e281db86fc6c110a13a79b98b2011aa84bb0ec340,0x935b705b5943b0e1b859651d2ccf375bc96dfdd7000000000000000000000049,limit,sell,308840000,42,2025-04-16 19:57:36.411,canceled,2025-04-16 19:57:35.744
0xb059f2dc361d9dbd6f4bc891ee017a316f08fc8764a9be565b1eaaac893765b3,0x056fd86c5b8bde4a4f03552e281db86fc6c110a13a79b98b2011aa84bb0ec340,0x935b705b5943b0e1b859651d2ccf375bc96dfdd7000000000000000000000049,limit,buy,308600000,42,2025-04-16 19:57:35.744,canceled,2025-04-16 19:57:22.553
0x2b64282c59c6816dea220cc34970a6e34a0accff63de830d6e34705724d88a86,0x056fd86c5b8bde4a4f03552e281db86fc6c110a13a79b98b2011aa84bb0ec340,0x935b705b5943b0e1b859651d2ccf375bc96dfdd7000000000000000000000049,limit,sell,308970000,42,2025-04-16 19:57:35.744,canceled,2025-04-16 19:57:22.553
0xd1f4b9d4120be4febae3901b73b5b367b3d46d25616198fc4fc1eb917b5a1f1c,0x056fd86c5b8bde4a4f03552e281db86fc6c110a13a79b98b2011aa84bb0ec340,0x935b705b5943b0e1b859651d2ccf375bc96dfdd7000000000000000000000049,limit,buy,308740000,42,2025-04-16 19:57:22.553,canceled,2025-04-16 19:57:14.444
0x6474a494a93b392c360ab3bc5b455509dc2bc4b6f9c800014ed2fbca9fbe6190,0x056fd86c5b8bde4a4f03552e281db86fc6c110a13a79b98b2011aa84bb0ec340,0x935b705b5943b0e1b859651d2ccf375bc96dfdd7000000000000000000000049,limit,sell,309030000,42,2025-04-16 19:57:22.553,canceled,2025-04-16 19:57:14.444
0x67609ffa539fb3eec64ea99f667861fa0e149b7ad1362a4888eefde0bdae8e3d,0x056fd86c5b8bde4a4f03552e281db86fc6c110a13a79b98b2011aa84bb0ec340,0x935b705b5943b0e1b859651d2ccf375bc96dfdd7000000000000000000000049,limit,buy,308790000,42,2025-04-16 19:57:14.444,canceled,2025-04-16 19:57:13.144
0xd8e094cd59a1298810f7bf3b41d7eb7e95afef2773dd4e9de4ab579351380f2e,0x056fd86c5b8bde4a4f03552e281db86fc6c110a13a79b98b2011aa84bb0ec340,0x935b705b5943b0e1b859651d2ccf375bc96dfdd7000000000000000000000049,limit,sell,309030000,42,2025-04-16 19:57:14.444,canceled,2025-04-16 19:57:13.144
0x153ede8b9d63a2ab77269bb85e21f6c3e8d9a27d8377476ae82d9e8714a82893,0x056fd86c5b8bde4a4f03552e281db86fc6c110a13a79b98b2011aa84bb0ec340,0x935b705b5943b0e1b859651d2ccf375bc96dfdd7000000000000000000000049,limit,buy,308790000,42,2025-04-16 19:57:13.144,canceled,2025-04-16 19:57:12.515
0x25ce02f110e3111fd076b3aac2fc0ea93759965d5abe42dde319687c495b9c80,0x056fd86c5b8bde4a4f03552e281db86fc6c110a13a79b98b2011aa84bb0ec340,0x935b705b5943b0e1b859651d2ccf375bc96dfdd7000000000000000000000049,limit,sell,308940000,42,2025-04-16 19:57:13.144,canceled,2025-04-16 19:57:12.515
0x7f4c20611312177e58e3c1daf83296d220f30ec3dc3ab1580a76485e6f02ad24,0x056fd86c5b8bde4a4f03552e281db86fc6c110a13a79b98b2011aa84bb0ec340,0x935b705b5943b0e1b859651d2ccf375bc96dfdd7000000000000000000000049,limit,buy,308850000,42,2025-04-16 19:57:12.515,canceled,2025-04-16 19:57:11.866
0x58c2717b46ca11241ccaca94c49648da9fa38a7c5bae740feca5a144f457d99b,0x056fd86c5b8bde4a4f03552e281db86fc6c110a13a79b98b2011aa84bb0ec340,0x935b705b5943b0e1b859651d2ccf375bc96dfdd7000000000000000000000049,limit,sell,309000000,42,2025-04-16 19:57:12.515,canceled,2025-04-16 19:57:11.866
0x05ef81fce46a15f8170db39245b7c0425bb1aba4cabdd1a1c0e6d5f30e09b8e4,0x056fd86c5b8bde4a4f03552e281db86fc6c110a13a79b98b2011aa84bb0ec340,0x935b705b5943b0e1b859651d2ccf375bc96dfdd7000000000000000000000049,limit,buy,308900000,42,2025-04-16 19:57:11.866,canceled,2025-04-16 19:57:10.569
0xd0e4b1b1ed9d1c3e1e4f6a413bea2cf5c8cb792010f9f656a6b9a0ca282746ca,0x056fd86c5b8bde4a4f03552e281db86fc6c110a13a79b98b2011aa84bb0ec340,0x935b705b5943b0e1b859651d2ccf375bc96dfdd7000000000000000000000049,limit,sell,309000000,42,2025-04-16 19:57:11.866,canceled,2025-04-16 19:57:10.569
0x783a0efd9baec64e93408065cbc874d9a80301576fac6548c6596cdee3cf8a70,0x056fd86c5b8bde4a4f03552e281db86fc6c110a13a79b98b2011aa84bb0ec340,0x935b705b5943b0e1b859651d2ccf375bc96dfdd7000000000000000000000049,limit,buy,308950000,42,2025-04-16 19:57:10.569,canceled,2025-04-16 19:57:04.645
0x12c6c22c78a3da4547c212c929e40fd128408844a662483619c198581f7e2d8f,0x056fd86c5b8bde4a4f03552e281db86fc6c110a13a79b98b2011aa84bb0ec340,0x935b705b5943b0e1b859651d2ccf375bc96dfdd7000000000000000000000049,limit,sell,309090000,42,2025-04-16 19:57:10.569,canceled,2025-04-16 19:57:04.645
0xcfae5de00f2e981ac6cedf3653b1bd56d9e8be1e90d2470ca6cae8e10cb4bbbb,0x056fd86c5b8bde4a4f03552e281db86fc6c110a13a79b98b2011aa84bb0ec340,0x935b705b5943b0e1b859651d2ccf375bc96dfdd7000000000000000000000049,limit,buy,308940000,42,2025-04-16 19:57:04.645,canceled,2025-04-16 19:57:03.297
0x7af48cd93840b9c966f627b704695a76f7bfb0f44dcf931f4d23163ecc63b665,0x056fd86c5b8bde4a4f03552e281db86fc6c110a13a79b98b2011aa84bb0ec340,0x935b705b5943b0e1b859651d2ccf375bc96dfdd7000000000000000000000049,limit,sell,309080000,42,2025-04-16 19:57:04.645,canceled,2025-04-16 19:57:03.297
0x8b8399a73a82dbdf679f64324cc9e9b1885d1d4169a9302e17d9bee0dd537caa,0x056fd86c5b8bde4a4f03552e281db86fc6c110a13a79b98b2011aa84bb0ec340,0x935b705b5943b0e1b859651d2ccf375bc96dfdd7000000000000000000000049,limit,buy,308850000,42,2025-04-16 19:57:03.297,canceled,2025-04-16 19:56:57.407
0xfa0b3a85bc6c60c23276d3248f6e6fed5ca86e1dd2e6b337d99b9a0f1f5a6245,0x056fd86c5b8bde4a4f03552e281db86fc6c110a13a79b98b2011aa84bb0ec340,0x935b705b5943b0e1b859651d2ccf375bc96dfdd7000000000000000000000049,limit,sell,309020000,42,2025-04-16 19:57:03.297,canceled,2025-04-16 19:56:57.407
0x05974764583c3edb24336c65d6e3266c8234888c21e5b805f593f369e88fa3da,0x056fd86c5b8bde4a4f03552e281db86fc6c110a13a79b98b2011aa84bb0ec340,0x935b705b5943b0e1b859651d2ccf375bc96dfdd7000000000000000000000049,limit,buy,308850000,42,2025-04-16 19:56:57.407,canceled,2025-04-16 19:56:55.530
0x501d49d1fc4e52ca0fc9c389f2f863a3e70c7e3bfe79cc40c5184671c5c4cc98,0x056fd86c5b8bde4a4f03552e281db86fc6c110a13a79b98b2011aa84bb0ec340,0x935b705b5943b0e1b859651d2ccf375bc96dfdd7000000000000000000000049,limit,sell,308970000,42,2025-04-16 19:56:57.407,canceled,2025-04-16 19:56:55.530
0x2669157259507520405f6f5aaf4a30b0a92e40c3e9b038bea6164f02e21521a6,0x056fd86c5b8bde4a4f03552e281db86fc6c110a13a79b98b2011aa84bb0ec340,0x935b705b5943b0e1b859651d2ccf375bc96dfdd7000000000000000000000049,limit,buy,308680000,42,2025-04-16 19:56:55.530,canceled,2025-04-16 19:56:36.971
0xd6fdfbda591bc272b320e73b90a3abd920ef2c7f9d43c704b731950b4595b2b4,0x056fd86c5b8bde4a4f03552e281db86fc6c110a13a79b98b2011aa84bb0ec340,0x935b705b5943b0e1b859651d2ccf375bc96dfdd7000000000000000000000049,limit,sell,308950000,42,2025-04-16 19:56:55.530,canceled,2025-04-16 19:56:36.971
0x67da63aeac95fd7a3f254135aee2850921e34824f3370f71728e772773899f70,0x056fd86c5b8bde4a4f03552e281db86fc6c110a13a79b98b2011aa84bb0ec340,0x935b705b5943b0e1b859651d2ccf375bc96dfdd7000000000000000000000049,limit,buy,308670000,42,2025-04-16 19:56:36.971,canceled,2025-04-16 19:56:34.271
0x62bd8ef88622d23e1a43f1d6878d64a5072c20895e1a287b4b059e16e4f99814,0x056fd86c5b8bde4a4f03552e281db86fc6c110a13a79b98b2011aa84bb0ec340,0x935b705b5943b0e1b859651d2ccf375bc96dfdd7000000000000000000000049,limit,sell,308850000,42,2025-04-16 19:56:36.971,canceled,2025-04-16 19:56:34.271
0x8d5c8dcad2891f6fab2a620b7d54fb2cf50adfddbc3e58641908da3a89264706,0x056fd86c5b8bde4a4f03552e281db86fc6c110a13a79b98b2011aa84bb0ec340,0x935b705b5943b0e1b859651d2ccf375bc96dfdd7000000000000000000000049,limit,buy,308800000,42,2025-04-16 19:56:34.271,canceled,2025-04-16 19:56:24.017
0x1359c7ecfdbb33a1f9ea16fb0e975c3447cba3bb3684e52faa1a7c66c868505e,0x056fd86c5b8bde4a4f03552e281db86fc6c110a13a79b98b2011aa84bb0ec340,0x935b705b5943b0e1b859651d2ccf375bc96dfdd7000000000000000000000049,limit,sell,309070000,42,2025-04-16 19:56:34.271,canceled,2025-04-16 19:56:24.017
0x6466f91ed8f62ae648ff840e0723ba4779a205feb3b69f54f1ab73858cf790d5,0x056fd86c5b8bde4a4f03552e281db86fc6c110a13a79b98b2011aa84bb0ec340,0x935b705b5943b0e1b859651d2ccf375bc96dfdd7000000000000000000000049,limit,buy,308790000,42,2025-04-16 19:56:24.017,canceled,2025-04-16 19:56:14.295
0x19e9f33cddee72f8ea2d841db078afc48eee45cf40f4967301d5f58bf2095993,0x056fd86c5b8bde4a4f03552e281db86fc6c110a13a79b98b2011aa84bb0ec340,0x935b705b5943b0e1b859651d2ccf375bc96dfdd7000000000000000000000049,limit,sell,309020000,42,2025-04-16 19:56:24.017,canceled,2025-04-16 19:56:14.295
0xcceb910555889b75109eb45eebb75614384420f1b2be9c8ed9cf842df166551b,0x056fd86c5b8bde4a4f03552e281db86fc6c110a13a79b98b2011aa84bb0ec340,0x935b705b5943b0e1b859651d2ccf375bc96dfdd7000000000000000000000049,limit,buy,308700000,42,2025-04-16 19:56:14.295,canceled,2025-04-16 19:56:13.026
0x1bf72250c5db9cbeeb9aaa7899f6f3913d286657f72b9051ef9910d38220654b,0x056fd86c5b8bde4a4f03552e281db86fc6c110a13a79b98b2011aa84bb0ec340,0x935b705b5943b0e1b859651d2ccf375bc96dfdd7000000000000000000000049,limit,sell,308900000,42,2025-04-16 19:56:14.295,canceled,2025-04-16 19:56:13.026
0xc23032d0992c58d638e08bb9081e8b8189106173ff8638896db8253016ea72f5,0x056fd86c5b8bde4a4f03552e281db86fc6c110a13a79b98b2011aa84bb0ec340,0x935b705b5943b0e1b859651d2ccf375bc96dfdd7000000000000000000000049,limit,buy,308490000,42,2025-04-16 19:56:13.026,canceled,2025-04-16 19:55:48.645
0xb47d092bcad5f222ce81ed1e21fdf6047992935c8245492060510739d421bf46,0x056fd86c5b8bde4a4f03552e281db86fc6c110a13a79b98b2011aa84bb0ec340,0x935b705b5943b0e1b859651d2ccf375bc96dfdd7000000000000000000000049,limit,sell,308870000,42,2025-04-16 19:56:13.026,canceled,2025-04-16 19:55:48.645
0xccc4498da1ba5429bbc73b137febbbd280674fc62d04a2feed5ad0ee68efba6e,0x056fd86c5b8bde4a4f03552e281db86fc6c110a13a79b98b2011aa84bb0ec340,0x935b705b5943b0e1b859651d2ccf375bc96dfdd7000000000000000000000049,limit,buy,308610000,42,2025-04-16 19:55:48.645,canceled,2025-04-16 19:55:39.087
0xc19bb024f67ce649c7a3e150d83198f3a0b57a358d3ac4085dd46b03f2ef8ba7,0x056fd86c5b8bde4a4f03552e281db86fc6c110a13a79b98b2011aa84bb0ec340,0x935b705b5943b0e1b859651d2ccf375bc96dfdd7000000000000000000000049,limit,sell,308890000,42,2025-04-16 19:55:48.645,canceled,2025-04-16 19:55:39.087
0x9b9f9b08e41f7209bee2a424902d120aefbb96d6c67869dd4c86b77005e6e2a2,0x056fd86c5b8bde4a4f03552e281db86fc6c110a13a79b98b2011aa84bb0ec340,0x935b705b5943b0e1b859651d2ccf375bc96dfdd7000000000000000000000049,limit,buy,308610000,42,2025-04-16 19:55:39.087,canceled,2025-04-16 19:55:37.745
0x7b68fcc18f53588c6a7310c7588ba261224d3b2e1a3fb60821105d53f16159cd,0x056fd86c5b8bde4a4f03552e281db86fc6c110a13a79b98b2011aa84bb0ec340,0x935b705b5943b0e1b859651d2ccf375bc96dfdd7000000000000000000000049,limit,sell,308870000,42,2025-04-16 19:55:39.087,canceled,2025-04-16 19:55:37.745
0x5be6f4ef61df2a63833e431903e01eb966daefe0d4f46846f3ff131e93bdb34e,0x056fd86c5b8bde4a4f03552e281db86fc6c110a13a79b98b2011aa84bb0ec340,0x935b705b5943b0e1b859651d2ccf375bc96dfdd7000000000000000000000049,limit,buy,308570000,42,2025-04-16 19:55:37.745,canceled,2025-04-16 19:55:35.767
0x229090e5051f6ed43905d9306d2d97e1aca15db31930ee008277ebbfc4aedb0b,0x056fd86c5b8bde4a4f03552e281db86fc6c110a13a79b98b2011aa84bb0ec340,0x935b705b5943b0e1b859651d2ccf375bc96dfdd7000000000000000000000049,limit,sell,308790000,42,2025-04-16 19:55:37.745,canceled,2025-04-16 19:55:35.767
0xa1c37d96c1e02144d1b601c59306d85d16bed582d4fc494759519cf896032914,0x056fd86c5b8bde4a4f03552e281db86fc6c110a13a79b98b2011aa84bb0ec340,0x935b705b5943b0e1b859651d2ccf375bc96dfdd7000000000000000000000049,limit,buy,308490000,42,2025-04-16 19:55:35.767,canceled,2025-04-16 19:55:35.102
0x1fbfc0cb040006282ef6b0899969d58e235428e62a5ed82f2f5c3a3dfa3a5068,0x056fd86c5b8bde4a4f03552e281db86fc6c110a13a79b98b2011aa84bb0ec340,0x935b705b5943b0e1b859651d2ccf375bc96dfdd7000000000000000000000049,limit,sell,308750000,42,2025-04-16 19:55:35.767,canceled,2025-04-16 19:55:35.102
0xbd86614a441d6c33b9d1daee7825016e5ed8f9b84c4f888ee7340a225c2d7c50,0x056fd86c5b8bde4a4f03552e281db86fc6c110a13a79b98b2011aa84bb0ec340,0x935b705b5943b0e1b859651d2ccf375bc96dfdd7000000000000000000000049,limit,buy,308430000,42,2025-04-16 19:55:35.102,canceled,2025-04-16 19:55:23.282
0xc33107e74506482176bfbbc4a03177df57b56007846ab8a42fadc85e6ebe958f,0x056fd86c5b8bde4a4f03552e281db86fc6c110a13a79b98b2011aa84bb0ec340,0x935b705b5943b0e1b859651d2ccf375bc96dfdd7000000000000000000000049,limit,sell,308730000,42,2025-04-16 19:55:35.102,canceled,2025-04-16 19:55:23.282
0xc1787b4c894ed9243458beff34ad5f44f30aa6e9b96b3a87269406e75b6e0e3f,0x056fd86c5b8bde4a4f03552e281db86fc6c110a13a79b98b2011aa84bb0ec340,0x935b705b5943b0e1b859651d2ccf375bc96dfdd7000000000000000000000049,limit,buy,308430000,42,2025-04-16 19:55:23.282,canceled,2025-04-16 19:55:22.642
0x419816ee78b8366a3426bbe9cb197f37b259377d73f1b5f55daf8073f18593c6,0x056fd86c5b8bde4a4f03552e281db86fc6c110a13a79b98b2011aa84bb0ec340,0x935b705b5943b0e1b859651d2ccf375bc96dfdd7000000000000000000000049,limit,sell,308680000,42,2025-04-16 19:55:23.282,canceled,2025-04-16 19:55:22.642
0xa560c68124bbc29193f91915b849273f5b553611b9ad8a4dc6654d9a12624aa0,0x056fd86c5b8bde4a4f03552e281db86fc6c110a13a79b98b2011aa84bb0ec340,0x935b705b5943b0e1b859651d2ccf375bc96dfdd7000000000000000000000049,limit,buy,308430000,42,2025-04-16 19:55:22.642,canceled,2025-04-16 19:55:22.000
0xf04fd75826c0efda721b94fcb02f2266474e6d235ac4e66679377b4217f7a3fb,0x056fd86c5b8bde4a4f03552e281db86fc6c110a13a79b98b2011aa84bb0ec340,0x935b705b5943b0e1b859651d2ccf375bc96dfdd7000000000000000000000049,limit,sell,308670000,42,2025-04-16 19:55:22.642,canceled,2025-04-16 19:55:22.000
0x7495f47d0188996c4a1f9d87aaa2e14fe08b48095f2f1e70e1d44cd1b3d66a16,0x056fd86c5b8bde4a4f03552e281db86fc6c110a13a79b98b2011aa84bb0ec340,0x935b705b5943b0e1b859651d2ccf375bc96dfdd7000000000000000000000049,limit,buy,308330000,42,2025-04-16 19:55:22.000,canceled,2025-04-16 19:55:17.065
0x88918964b42f2072c5629b09fcadeb1fde5c75d241b494f994898571d4c19fbe,0x056fd86c5b8bde4a4f03552e281db86fc6c110a13a79b98b2011aa84bb0ec340,0x935b705b5943b0e1b859651d2ccf375bc96dfdd7000000000000000000000049,limit,sell,308660000,42,2025-04-16 19:55:22.000,canceled,2025-04-16 19:55:17.065
0xba2ed9b9036ba4a2ed144240911b693de0686ba1210bd0cc118fb7a72c4ebfc7,0x056fd86c5b8bde4a4f03552e281db86fc6c110a13a79b98b2011aa84bb0ec340,0x935b705b5943b0e1b859651d2ccf375bc96dfdd7000000000000000000000049,limit,buy,308260000,42,2025-04-16 19:55:17.065,canceled,2025-04-16 19:55:15.506
0x40da1261876b8742e292631ed407437427228c9fd28fd177086c0982af93f6fd,0x056fd86c5b8bde4a4f03552e281db86fc6c110a13a79b98b2011aa84bb0ec340,0x935b705b5943b0e1b859651d2ccf375bc96dfdd7000000000000000000000049,limit,sell,308520000,42,2025-04-16 19:55:17.065,canceled,2025-04-16 19:55:15.506
0x7ff8365ee850ee6783feaacea8f20e78848fbf519d1d187eebc306977dc2bd55,0x056fd86c5b8bde4a4f03552e281db86fc6c110a13a79b98b2011aa84bb0ec340,0x935b705b5943b0e1b859651d2ccf375bc96dfdd7000000000000000000000049,limit,buy,308260000,42,2025-04-16 19:55:15.506,canceled,2025-04-16 19:55:12.215
0xa98abe32c01d7c4bef512434cbbb07c149fd9e8ee68757226a32210af8c78e7d,0x056fd86c5b8bde4a4f03552e281db86fc6c110a13a79b98b2011aa84bb0ec340,0x935b705b5943b0e1b859651d2ccf375bc96dfdd7000000000000000000000049,limit,sell,308510000,42,2025-04-16 19:55:15.506,canceled,2025-04-16 19:55:12.215
0xcab18f33cc7dd98e271cb6d392ebbf5875979881656ccec718c09be520826bd1,0x056fd86c5b8bde4a4f03552e281db86fc6c110a13a79b98b2011aa84bb0ec340,0x935b705b5943b0e1b859651d2ccf375bc96dfdd7000000000000000000000049,limit,buy,307860000,42,2025-04-16 19:55:12.215,canceled,2025-04-16 19:55:02.391
0x2a02d860ab1a33c3b54c9d4d77ba01b16985319715b35e37dda443c5868c018a,0x056fd86c5b8bde4a4f03552e281db86fc6c110a13a79b98b2011aa84bb0ec340,0x935b705b5943b0e1b859651d2ccf375bc96dfdd7000000000000000000000049,limit,sell,308400000,42,2025-04-16 19:55:12.215,canceled,2025-04-16 19:55:02.391
0x8b07b0df8f0b4dceeb7612f2b95a12d4381faaa513ca4791ac4b9f005c6f8143,0x056fd86c5b8bde4a4f03552e281db86fc6c110a13a79b98b2011aa84bb0ec340,0x935b705b5943b0e1b859651d2ccf375bc96dfdd7000000000000000000000049,limit,buy,308210000,42,2025-04-16 19:55:02.391,canceled,2025-04-16 19:55:01.230
0x5354783fdf7b20c067ac370f7b069258a7e46b4a3080b1e5a1a2ba96170766ea,0x056fd86c5b8bde4a4f03552e281db86fc6c110a13a79b98b2011aa84bb0ec340,0x935b705b5943b0e1b859651d2ccf375bc96dfdd7000000000000000000000049,limit,sell,308410000,42,2025-04-16 19:55:02.391,canceled,2025-04-16 19:55:01.230
0x12c122a57884724f47d709f1f07c528fbf73f0d6ab01ace361ecf9bc60562242,0x056fd86c5b8bde4a4f03552e281db86fc6c110a13a79b98b2011aa84bb0ec340,0x935b705b5943b0e1b859651d2ccf375bc96dfdd7000000000000000000000049,limit,buy,308420000,42,2025-04-16 19:55:01.230,canceled,2025-04-16 19:55:00.507
0x37caaab62b4db8ad3e28320895dc0d3b8673e9475e41ec0ee44906dbf7d3d53f,0x056fd86c5b8bde4a4f03552e281db86fc6c110a13a79b98b2011aa84bb0ec340,0x935b705b5943b0e1b859651d2ccf375bc96dfdd7000000000000000000000049,limit,sell,308680000,42,2025-04-16 19:55:01.230,canceled,2025-04-16 19:55:00.507
0xca35cd2eab2e49b2db6e5de5fa4dd144e20731207caac765bb35f410ef64737e,0x056fd86c5b8bde4a4f03552e281db86fc6c110a13a79b98b2011aa84bb0ec340,0x935b705b5943b0e1b859651d2ccf375bc96dfdd7000000000000000000000049,limit,buy,308430000,42,2025-04-16 19:55:00.507,canceled,2025-04-16 19:54:52.677
0x7347c046edab4d9b1d8a4404c161b286d6bdf5d512b0fef6bdf217405fb2259a,0x056fd86c5b8bde4a4f03552e281db86fc6c110a13a79b98b2011aa84bb0ec340,0x935b705b5943b0e1b859651d2ccf375bc96dfdd7000000000000000000000049,limit,sell,308680000,42,2025-04-16 19:55:00.507,canceled,2025-04-16 19:54:52.677
0x2d769802fe6b78f2d6dfd740fc167363ea3176943a1469d5e0f5ebb42a146874,0x056fd86c5b8bde4a4f03552e281db86fc6c110a13a79b98b2011aa84bb0ec340,0x935b705b5943b0e1b859651d2ccf375bc96dfdd7000000000000000000000049,limit,buy,308500000,42,2025-04-16 19:54:52.677,canceled,2025-04-16 19:54:50.575
0xd75d27239b3d6bac517c8e31379efd71599d2293a387d3076fa39526bfcb8e02,0x056fd86c5b8bde4a4f03552e281db86fc6c110a13a79b98b2011aa84bb0ec340,0x935b705b5943b0e1b859651d2ccf375bc96dfdd7000000000000000000000049,limit,sell,308760000,42,2025-04-16 19:54:52.677,canceled,2025-04-16 19:54:50.575
0xeb41723d59980b810826b776e9f5df71fbe44e0cd5bcc4692715a669160ae203,0x056fd86c5b8bde4a4f03552e281db86fc6c110a13a79b98b2011aa84bb0ec340,0x935b705b5943b0e1b859651d2ccf375bc96dfdd7000000000000000000000049,limit,buy,308540000,42,2025-04-16 19:54:50.575,canceled,2025-04-16 19:54:49.943
0x69f9f1956f69bcb9bd333bd79759f17b5bcde73e7b426c4c9d85b357ff6d8bef,0x056fd86c5b8bde4a4f03552e281db86fc6c110a13a79b98b2011aa84bb0ec340,0x935b705b5943b0e1b859651d2ccf375bc96dfdd7000000000000000000000049,limit,sell,308810000,42,2025-04-16 19:54:50.575,canceled,2025-04-16 19:54:49.943
0x310f74cd1ff30df851a172c207d3cfe1571d188007f79b4fe9effa0b747b120e,0x056fd86c5b8bde4a4f03552e281db86fc6c110a13a79b98b2011aa84bb0ec340,0x935b705b5943b0e1b859651d2ccf375bc96dfdd7000000000000000000000049,limit,buy,308580000,42,2025-04-16 19:54:49.943,canceled,2025-04-16 19:54:39.024
0x2e6766c5b22700aa89900ddd717ec30baf29f696e77929064058a7b68045c657,0x056fd86c5b8bde4a4f03552e281db86fc6c110a13a79b98b2011aa84bb0ec340,0x935b705b5943b0e1b859651d2ccf375bc96dfdd7000000000000000000000049,limit,sell,308900000,42,2025-04-16 19:54:49.943,canceled,2025-04-16 19:54:39.024
0xff05a9f5432d8b600708524ca786451b94ec06eb54c0491bf12bd3b0e47d63e3,0x056fd86c5b8bde4a4f03552e281db86fc6c110a13a79b98b2011aa84bb0ec340,0x935b705b5943b0e1b859651d2ccf375bc96dfdd7000000000000000000000049,limit,buy,308580000,42,2025-04-16 19:54:39.024,canceled,2025-04-16 19:54:37.012
0x836d8741634127367a8719587b3c464d05a64e6258061f45172309e45acff85a,0x056fd86c5b8bde4a4f03552e281db86fc6c110a13a79b98b2011aa84bb0ec340,0x935b705b5943b0e1b859651d2ccf375bc96dfdd7000000000000000000000049,limit,sell,308810000,42,2025-04-16 19:54:39.024,canceled,2025-04-16 19:54:37.012
0x1586374a585bb1c92391a47522675369bdee2cd404ded621f8f4aa543bec30d0,0x056fd86c5b8bde4a4f03552e281db86fc6c110a13a79b98b2011aa84bb0ec340,0x935b705b5943b0e1b859651d2ccf375bc96dfdd7000000000000000000000049,limit,buy,308620000,42,2025-04-16 19:54:37.012,canceled,2025-04-16 19:54:36.339
0x67a58e083b59908a44a516fcd2986f2e07a440e5e0dc81af688e904cd8419b78,0x056fd86c5b8bde4a4f03552e281db86fc6c110a13a79b98b2011aa84bb0ec340,0x935b705b5943b0e1b859651d2ccf375bc96dfdd7000000000000000000000049,limit,sell,308900000,42,2025-04-16 19:54:37.012,canceled,2025-04-16 19:54:36.339
0x4a50cf053365a9a4a3ea786dfa2e902841c3107dfe87f15df8c4810a86683aaa,0x056fd86c5b8bde4a4f03552e281db86fc6c110a13a79b98b2011aa84bb0ec340,0x935b705b5943b0e1b859651d2ccf375bc96dfdd7000000000000000000000049,limit,buy,308640000,42,2025-04-16 19:54:36.339,canceled,2025-04-16 19:54:34.954
0x80095f65160bad029b613f4c35a3bde8ed75916526f148b689405b9691048d9a,0x056fd86c5b8bde4a4f03552e281db86fc6c110a13a79b98b2011aa84bb0ec340,0x935b705b5943b0e1b859651d2ccf375bc96dfdd7000000000000000000000049,limit,sell,308780000,42,2025-04-16 19:54:36.339,canceled,2025-04-16 19:54:34.954
0x6c29fa3e46f43fbd09fbc0ccd507fa8872657a08e5d6042a5fa1cc22d775d269,0x056fd86c5b8bde4a4f03552e281db86fc6c110a13a79b98b2011aa84bb0ec340,0x935b705b5943b0e1b859651d2ccf375bc96dfdd7000000000000000000000049,limit,buy,308650000,42,2025-04-16 19:54:34.954,canceled,2025-04-16 19:54:22.009
0x02064270f8de20ac811571f065a1e6457e4bfd20c48f5344bc7da477d66957c1,0x056fd86c5b8bde4a4f03552e281db86fc6c110a13a79b98b2011aa84bb0ec340,0x935b705b5943b0e1b859651d2ccf375bc96dfdd7000000000000000000000049,limit,sell,308900000,42,2025-04-16 19:54:34.954,canceled,2025-04-16 19:54:22.009
0x6879e61aee188fdf5ade1f87e53e27076ed12294f06dc182c1f7b10c7c30c562,0x056fd86c5b8bde4a4f03552e281db86fc6c110a13a79b98b2011aa84bb0ec340,0x935b705b5943b0e1b859651d2ccf375bc96dfdd7000000000000000000000049,limit,buy,308630000,42,2025-04-16 19:54:22.009,canceled,2025-04-16 19:54:20.688
0xe52c6c40b43213f3c0b779357c1ed47c339a31aede8568d036a624ee81ac6f64,0x056fd86c5b8bde4a4f03552e281db86fc6c110a13a79b98b2011aa84bb0ec340,0x935b705b5943b0e1b859651d2ccf375bc96dfdd7000000000000000000000049,limit,sell,308880000,42,2025-04-16 19:54:22.009,canceled,2025-04-16 19:54:20.688
0x8cf55522042aa5fc546a700326238fa198e13cbaf7e1cf2f92a71b993d42737c,0x056fd86c5b8bde4a4f03552e281db86fc6c110a13a79b98b2011aa84bb0ec340,0x935b705b5943b0e1b859651d2ccf375bc96dfdd7000000000000000000000049,limit,buy,308640000,42,2025-04-16 19:54:20.688,canceled,2025-04-16 19:54:20.029
0x840195ef5999531709389394f6f8a0536262d65dae588a4153392f5fb13bc9d8,0x056fd86c5b8bde4a4f03552e281db86fc6c110a13a79b98b2011aa84bb0ec340,0x935b705b5943b0e1b859651d2ccf375bc96dfdd7000000000000000000000049,limit,sell,308880000,42,2025-04-16 19:54:20.688,canceled,2025-04-16 19:54:20.029
0x43e47a1d6320f60ff6700ae58b907a46ecb0f475caa7a53a08ddc5ef21577bde,0x056fd86c5b8bde4a4f03552e281db86fc6c110a13a79b98b2011aa84bb0ec340,0x935b705b5943b0e1b859651d2ccf375bc96dfdd7000000000000000000000049,limit,buy,308630000,42,2025-04-16 19:54:20.029,canceled,2025-04-16 19:54:19.251
0xda90b7d1450aff943579b1fab8fd00bbe9e8006559fed489e3b413f566f6abe4,0x056fd86c5b8bde4a4f03552e281db86fc6c110a13a79b98b2011aa84bb0ec340,0x935b705b5943b0e1b859651d2ccf375bc96dfdd7000000000000000000000049,limit,sell,308830000,42,2025-04-16 19:54:20.029,canceled,2025-04-16 19:54:19.251
0x15ff844bf436abea38c41bd648b53eadd00639ff7aa54de7c8cab87e7fd3a05a,0x056fd86c5b8bde4a4f03552e281db86fc6c110a13a79b98b2011aa84bb0ec340,0x935b705b5943b0e1b859651d2ccf375bc96dfdd7000000000000000000000049,limit,buy,308630000,42,2025-04-16 19:54:19.251,canceled,2025-04-16 19:54:14.536
0xb5333c461c02de7c455bd33b4bb4246a8e8a8e0812b8f9090b1741ceb4bcf136,0x056fd86c5b8bde4a4f03552e281db86fc6c110a13a79b98b2011aa84bb0ec340,0x935b705b5943b0e1b859651d2ccf375bc96dfdd7000000000000000000000049,limit,sell,308810000,42,2025-04-16 19:54:19.251,canceled,2025-04-16 19:54:14.536
0x4fcb70f13b98d2f42e4e6f7af112f3e5968a22ab30b061720d09836659dbf2ca,0x056fd86c5b8bde4a4f03552e281db86fc6c110a13a79b98b2011aa84bb0ec340,0x935b705b5943b0e1b859651d2ccf375bc96dfdd7000000000000000000000049,limit,buy,308550000,42,2025-04-16 19:54:14.536,canceled,2025-04-16 19:54:00.923
0x8f2dd819ca541161c571385a78f5e647ec2334d136ea524a47d5fce600f70fc8,0x056fd86c5b8bde4a4f03552e281db86fc6c110a13a79b98b2011aa84bb0ec340,0x935b705b5943b0e1b859651d2ccf375bc96dfdd7000000000000000000000049,limit,sell,308740000,42,2025-04-16 19:54:14.536,canceled,2025-04-16 19:54:00.923
0x3e09fbb5161696ef678fa2ace3e8a73ab20e182d931cd698e006cd0465c5be15,0x056fd86c5b8bde4a4f03552e281db86fc6c110a13a79b98b2011aa84bb0ec340,0x935b705b5943b0e1b859651d2ccf375bc96dfdd7000000000000000000000049,limit,buy,308550000,42,2025-04-16 19:54:00.923,canceled,2025-04-16 19:53:58.348
0x36154de2073e93c4545239227a8159b952ac699667df997b89f3bb4674800703,0x056fd86c5b8bde4a4f03552e281db86fc6c110a13a79b98b2011aa84bb0ec340,0x935b705b5943b0e1b859651d2ccf375bc96dfdd7000000000000000000000049,limit,sell,308720000,42,2025-04-16 19:54:00.923,canceled,2025-04-16 19:53:58.348
0xb6e09b6bd26716becc4181158a34480f68d59700bda20fe2cfbe4beb1779962d,0x056fd86c5b8bde4a4f03552e281db86fc6c110a13a79b98b2011aa84bb0ec340,0x935b705b5943b0e1b859651d2ccf375bc96dfdd7000000000000000000000049,limit,buy,308360000,42,2025-04-16 19:53:58.348,canceled,2025-04-16 19:53:44.283
0x3f60098aa4e840c0bb4a6e61faac2b3990f8787c6821da60e95f61c2d1fdddb4,0x056fd86c5b8bde4a4f03552e281db86fc6c110a13a79b98b2011aa84bb0ec340,0x935b705b5943b0e1b859651d2ccf375bc96dfdd7000000000000000000000049,limit,sell,308700000,42,2025-04-16 19:53:58.348,canceled,2025-04-16 19:53:44.283
0x636ddcc88c9678f5a5ebfbeb6ef23dc801695c8df591cf5e631779dbafa15a5d,0x056fd86c5b8bde4a4f03552e281db86fc6c110a13a79b98b2011aa84bb0ec340,0x935b705b5943b0e1b859651d2ccf375bc96dfdd7000000000000000000000049,limit,buy,308350000,42,2025-04-16 19:53:44.283,canceled,2025-04-16 19:53:32.447
0xd922930a075c87327ec505eaa9ad1d43d224829ea525df75257fe46b50ede5a4,0x056fd86c5b8bde4a4f03552e281db86fc6c110a13a79b98b2011aa84bb0ec340,0x935b705b5943b0e1b859651d2ccf375bc96dfdd7000000000000000000000049,limit,sell,308580000,42,2025-04-16 19:53:44.283,canceled,2025-04-16 19:53:32.447
0xba4a7eca64e80ba083c755460e17d02db028489614cfda33252eea968e12c7aa,0x056fd86c5b8bde4a4f03552e281db86fc6c110a13a79b98b2011aa84bb0ec340,0x935b705b5943b0e1b859651d2ccf375bc96dfdd7000000000000000000000049,limit,buy,308360000,42,2025-04-16 19:53:32.447,canceled,2025-04-16 19:53:11.603
0xc86f37ba5f87729575f60a9a6892c78409d7cd92b188b0fb0968278b2a64adf7,0x056fd86c5b8bde4a4f03552e281db86fc6c110a13a79b98b2011aa84bb0ec340,0x935b705b5943b0e1b859651d2ccf375bc96dfdd7000000000000000000000049,limit,sell,308660000,42,2025-04-16 19:53:32.447,canceled,2025-04-16 19:53:11.603
0xddf98c78197dd5fb030215de75dfb7b3ea047f2bb1f2b1a1b25f1bf9fa8b3c09,0x056fd86c5b8bde4a4f03552e281db86fc6c110a13a79b98b2011aa84bb0ec340,0x935b705b5943b0e1b859651d2ccf375bc96dfdd7000000000000000000000049,limit,buy,308370000,42,2025-04-16 19:53:11.603,canceled,2025-04-16 19:53:10.921
0x0af6636743b1c493b03e41205ca344a615472b7c6c2a2b2fa7ac78ff8a624c8f,0x056fd86c5b8bde4a4f03552e281db86fc6c110a13a79b98b2011aa84bb0ec340,0x935b705b5943b0e1b859651d2ccf375bc96dfdd7000000000000000000000049,limit,sell,308640000,42,2025-04-16 19:53:11.603,canceled,2025-04-16 19:53:10.921
0x3c9f66d096bdc1149819fe25253905a79642f1885f9d6af2c28c3092622e1729,0x056fd86c5b8bde4a4f03552e281db86fc6c110a13a79b98b2011aa84bb0ec340,0x935b705b5943b0e1b859651d2ccf375bc96dfdd7000000000000000000000049,limit,buy,308360000,42,2025-04-16 19:53:10.921,canceled,2025-04-16 19:52:49.601
0xbb1526f8ad92066edc7ee930da6a06e51e6b96d5215b9e81ab78d3536bd4d9f0,0x056fd86c5b8bde4a4f03552e281db86fc6c110a13a79b98b2011aa84bb0ec340,0x935b705b5943b0e1b859651d2ccf375bc96dfdd7000000000000000000000049,limit,sell,308610000,42,2025-04-16 19:53:10.921,canceled,2025-04-16 19:52:49.601
0x259cea5f4bf555e79673a17c7f1366eaf30ab4f6b308c1ee0e1e012e0a66fb26,0x056fd86c5b8bde4a4f03552e281db86fc6c110a13a79b98b2011aa84bb0ec340,0x935b705b5943b0e1b859651d2ccf375bc96dfdd7000000000000000000000049,limit,buy,308320000,42,2025-04-16 19:52:49.601,canceled,2025-04-16 19:52:48.694
0xe4216c7bb9b6b2529fa4561563c82512852013ebf14b55fa53999a8a7399731d,0x056fd86c5b8bde4a4f03552e281db86fc6c110a13a79b98b2011aa84bb0ec340,0x935b705b5943b0e1b859651d2ccf375bc96dfdd7000000000000000000000049,limit,sell,308540000,42,2025-04-16 19:52:49.601,canceled,2025-04-16 19:52:48.694
0x525a706d5306834011a7cc807c1512b0bbd587050d1c7f6f92d19c3c2f34d2e7,0x056fd86c5b8bde4a4f03552e281db86fc6c110a13a79b98b2011aa84bb0ec340,0x935b705b5943b0e1b859651d2ccf375bc96dfdd7000000000000000000000049,limit,buy,308370000,42,2025-04-16 19:52:48.694,canceled,2025-04-16 19:52:46.662
0x3448fbb10893ff26e491bbd31115c51c0e7c81a3c6846fa723311ecf5b1a5d5d,0x056fd86c5b8bde4a4f03552e281db86fc6c110a13a79b98b2011aa84bb0ec340,0x935b705b5943b0e1b859651d2ccf375bc96dfdd7000000000000000000000049,limit,sell,308610000,42,2025-04-16 19:52:48.694,canceled,2025-04-16 19:52:46.662
0xfa115076dcabb071798d75cbd5f42fd3421e6525f7bac93ab51fdbc0d33673fa,0x056fd86c5b8bde4a4f03552e281db86fc6c110a13a79b98b2011aa84bb0ec340,0x935b705b5943b0e1b859651d2ccf375bc96dfdd7000000000000000000000049,limit,buy,308470000,42,2025-04-16 19:52:46.662,canceled,2025-04-16 19:52:45.361
0x010397256c4b3122d53dd944783200477701bf8a9eadecef6fbe92a4a43b5563,0x056fd86c5b8bde4a4f03552e281db86fc6c110a13a79b98b2011aa84bb0ec340,0x935b705b5943b0e1b859651d2ccf375bc96dfdd7000000000000000000000049,limit,sell,308710000,42,2025-04-16 19:52:46.662,canceled,2025-04-16 19:52:45.361
0xe63be582f9d5aff949f150f44e01f13ab7c2ed0d95b2fb9b83172e0b958bddcb,0x056fd86c5b8bde4a4f03552e281db86fc6c110a13a79b98b2011aa84bb0ec340,0x935b705b5943b0e1b859651d2ccf375bc96dfdd7000000000000000000000049,limit,buy,308320000,42,2025-04-16 19:52:45.361,canceled,2025-04-16 19:52:42.696
0x67f8d253408c5448a30bd7ce1bc6b9f188c33854cdc59c9cdc2edac936f7fd8b,0x056fd86c5b8bde4a4f03552e281db86fc6c110a13a79b98b2011aa84bb0ec340,0x935b705b5943b0e1b859651d2ccf375bc96dfdd7000000000000000000000049,limit,sell,308630000,42,2025-04-16 19:52:45.361,canceled,2025-04-16 19:52:42.696
0x286ebf9eac2bc65f3b23bd7eb5fafc21a6b5eaa47e5de520c173b524b10ef9a9,0x056fd86c5b8bde4a4f03552e281db86fc6c110a13a79b98b2011aa84bb0ec340,0x935b705b5943b0e1b859651d2ccf375bc96dfdd7000000000000000000000049,limit,buy,308320000,42,2025-04-16 19:52:42.696,canceled,2025-04-16 19:52:42.072
0x681bf720164a4c1020b42f0f1a238b8172e6e3b0de121278fbae70187c520af8,0x056fd86c5b8bde4a4f03552e281db86fc6c110a13a79b98b2011aa84bb0ec340,0x935b705b5943b0e1b859651d2ccf375bc96dfdd7000000000000000000000049,limit,sell,308530000,42,2025-04-16 19:52:42.696,canceled,2025-04-16 19:52:42.072
0xb3fc4f4b9a4c1569330ce6d29fe7012abe7c8a761c6c5024a985d05a0ed49d60,0x056fd86c5b8bde4a4f03552e281db86fc6c110a13a79b98b2011aa84bb0ec340,0x935b705b5943b0e1b859651d2ccf375bc96dfdd7000000000000000000000049,limit,buy,308330000,42,2025-04-16 19:52:42.072,canceled,2025-04-16 19:52:41.439
0xff4ee28cee6291e6c5de867c10b7bfedc6cdf01d68848c16d50966e941592f17,0x056fd86c5b8bde4a4f03552e281db86fc6c110a13a79b98b2011aa84bb0ec340,0x935b705b5943b0e1b859651d2ccf375bc96dfdd7000000000000000000000049,limit,sell,308630000,42,2025-04-16 19:52:42.072,canceled,2025-04-16 19:52:41.439
0x32a1d9e72eded6aa1bd51755fcde5f2372f888a4f9279fed106e734f9ef1a428,0x056fd86c5b8bde4a4f03552e281db86fc6c110a13a79b98b2011aa84bb0ec340,0x935b705b5943b0e1b859651d2ccf375bc96dfdd7000000000000000000000049,limit,buy,308330000,42,2025-04-16 19:52:41.439,canceled,2025-04-16 19:52:34.469
0x72fa0b4fa1c4dbf5158d898386f122b7bc6d7ea18cf071dcf03d2145dd348f3c,0x056fd86c5b8bde4a4f03552e281db86fc6c110a13a79b98b2011aa84bb0ec340,0x935b705b5943b0e1b859651d2ccf375bc96dfdd7000000000000000000000049,limit,sell,308570000,42,2025-04-16 19:52:41.439,canceled,2025-04-16 19:52:34.469
0xe2c0d1f0ec662639af96859fb6909b18edff74c29488f5eb6215fea8578ac338,0x056fd86c5b8bde4a4f03552e281db86fc6c110a13a79b98b2011aa84bb0ec340,0x935b705b5943b0e1b859651d2ccf375bc96dfdd7000000000000000000000049,limit,buy,308430000,42,2025-04-16 19:52:34.469,canceled,2025-04-16 19:52:29.872
0x0f5d84dc9f46d0380562015079343ee0d4b8017460587897a701b73ef6cf34c0,0x056fd86c5b8bde4a4f03552e281db86fc6c110a13a79b98b2011aa84bb0ec340,0x935b705b5943b0e1b859651d2ccf375bc96dfdd7000000000000000000000049,limit,sell,308790000,42,2025-04-16 19:52:34.469,canceled,2025-04-16 19:52:29.872
0x22e670c838c0746857ef95c999dfb4fb461a90b3084e7772a4691cc235109703,0x056fd86c5b8bde4a4f03552e281db86fc6c110a13a79b98b2011aa84bb0ec340,0x935b705b5943b0e1b859651d2ccf375bc96dfdd7000000000000000000000049,limit,buy,308430000,42,2025-04-16 19:52:29.872,canceled,2025-04-16 19:52:29.238
0x9022da1dd6bb955ee099fa7e40bac2161b8b49bd858bd67dc820b8bc5ef8fa36,0x056fd86c5b8bde4a4f03552e281db86fc6c110a13a79b98b2011aa84bb0ec340,0x935b705b5943b0e1b859651d2ccf375bc96dfdd7000000000000000000000049,limit,sell,308710000,42,2025-04-16 19:52:29.872,canceled,2025-04-16 19:52:29.238
0x1dd1986cbeacb8288d9e27e86d370ba6ccc5c49d7dfa8ff5e45e202b6b7e14fa,0x056fd86c5b8bde4a4f03552e281db86fc6c110a13a79b98b2011aa84bb0ec340,0x935b705b5943b0e1b859651d2ccf375bc96dfdd7000000000000000000000049,limit,buy,308260000,42,2025-04-16 19:52:29.238,canceled,2025-04-16 19:52:28.605
0xf1e4a9a0be9c6c2475c420c7cd225f2bcb8447853196746ecb6f5656f64314b9,0x056fd86c5b8bde4a4f03552e281db86fc6c110a13a79b98b2011aa84bb0ec340,0x935b705b5943b0e1b859651d2ccf375bc96dfdd7000000000000000000000049,limit,sell,308520000,42,2025-04-16 19:52:29.238,canceled,2025-04-16 19:52:28.605
0xac3e5598b8d952eda863746b76aa0d31d727175f6cfb25a117e7ed3f3636543d,0x056fd86c5b8bde4a4f03552e281db86fc6c110a13a79b98b2011aa84bb0ec340,0x935b705b5943b0e1b859651d2ccf375bc96dfdd7000000000000000000000049,limit,buy,308220000,42,2025-04-16 19:52:28.605,canceled,2025-04-16 19:52:27.936
0xe93c6408b7a4f5a9aa1455fbfadd2414ff228160cef71201a4a2db3bdf2663c5,0x056fd86c5b8bde4a4f03552e281db86fc6c110a13a79b98b2011aa84bb0ec340,0x935b705b5943b0e1b859651d2ccf375bc96dfdd7000000000000000000000049,limit,sell,308430000,42,2025-04-16 19:52:28.605,canceled,2025-04-16 19:52:27.936
0x5d0632b43c5d1cd927a068aff97ca6d05ea2fec668675b0e9d1b8c3e33e3a9ee,0x056fd86c5b8bde4a4f03552e281db86fc6c110a13a79b98b2011aa84bb0ec340,0x935b705b5943b0e1b859651d2ccf375bc96dfdd7000000000000000000000049,limit,buy,308070000,42,2025-04-16 19:52:27.936,canceled,2025-04-16 19:52:27.288
0xec7f6546e44edc3e364bdb39326189a95c784f94f2f5e1c572aba89a547349c8,0x056fd86c5b8bde4a4f03552e281db86fc6c110a13a79b98b2011aa84bb0ec340,0x935b705b5943b0e1b859651d2ccf375bc96dfdd7000000000000000000000049,limit,sell,308410000,42,2025-04-16 19:52:27.936,canceled,2025-04-16 19:52:27.288
0x51721635aa16c4c0afe81e0f2f4da788bd6767c1def7ea7cfae54f364a0a5736,0x056fd86c5b8bde4a4f03552e281db86fc6c110a13a79b98b2011aa84bb0ec340,0x935b705b5943b0e1b859651d2ccf375bc96dfdd7000000000000000000000049,limit,buy,308060000,42,2025-04-16 19:52:27.288,canceled,2025-04-16 19:52:26.622
0x8cba77a5beb33667c2234e107d4d6f0ad33efaeae5cde377b46ba9f353ffe749,0x056fd86c5b8bde4a4f03552e281db86fc6c110a13a79b98b2011aa84bb0ec340,0x935b705b5943b0e1b859651d2ccf375bc96dfdd7000000000000000000000049,limit,sell,308400000,42,2025-04-16 19:52:27.288,canceled,2025-04-16 19:52:26.622
0x3b0f8cef3e707384b54154de16f0644474352efc882e54dc75d95a0237248a2e,0x056fd86c5b8bde4a4f03552e281db86fc6c110a13a79b98b2011aa84bb0ec340,0x935b705b5943b0e1b859651d2ccf375bc96dfdd7000000000000000000000049,limit,buy,308210000,42,2025-04-16 19:52:26.622,canceled,2025-04-16 19:52:25.491
0x0dfafacabe69afdb4cf3bd42018227b08e383b229787377809a74aca9924b528,0x056fd86c5b8bde4a4f03552e281db86fc6c110a13a79b98b2011aa84bb0ec340,0x935b705b5943b0e1b859651d2ccf375bc96dfdd7000000000000000000000049,limit,sell,308430000,42,2025-04-16 19:52:26.622,canceled,2025-04-16 19:52:25.491
0xc75924654df060a71e2a6a1c7648b919cae81fbfe9f6b081748b3df05591d968,0x056fd86c5b8bde4a4f03552e281db86fc6c110a13a79b98b2011aa84bb0ec340,0x935b705b5943b0e1b859651d2ccf375bc96dfdd7000000000000000000000049,limit,buy,308040000,42,2025-04-16 19:52:25.491,canceled,2025-04-16 19:52:05.475
0x8fc390510a711af87f5751d13f1f46c60da4149384c7120054e41f0155edb1d6,0x056fd86c5b8bde4a4f03552e281db86fc6c110a13a79b98b2011aa84bb0ec340,0x935b705b5943b0e1b859651d2ccf375bc96dfdd7000000000000000000000049,limit,sell,308330000,42,2025-04-16 19:52:25.491,canceled,2025-04-16 19:52:05.475
0x26edb5c885fe35de911cd546a43f8528235ea5a78b4deb44598c11f052d7d3a6,0x056fd86c5b8bde4a4f03552e281db86fc6c110a13a79b98b2011aa84bb0ec340,0x935b705b5943b0e1b859651d2ccf375bc96dfdd7000000000000000000000049,limit,buy,307940000,42,2025-04-16 19:52:05.475,canceled,2025-04-16 19:51:45.270
0xcd918b9a2c57196c993a49c9ba729a371fe65ad64ae9cd950845f7666edff455,0x056fd86c5b8bde4a4f03552e281db86fc6c110a13a79b98b2011aa84bb0ec340,0x935b705b5943b0e1b859651d2ccf375bc96dfdd7000000000000000000000049,limit,sell,308200000,42,2025-04-16 19:52:05.475,canceled,2025-04-16 19:51:45.270
0xec146597dfc5c78f5a41653b27b3423ec392ef53b0b2cc8a17137341447755ef,0x056fd86c5b8bde4a4f03552e281db86fc6c110a13a79b98b2011aa84bb0ec340,0x935b705b5943b0e1b859651d2ccf375bc96dfdd7000000000000000000000049,limit,buy,307940000,42,2025-04-16 19:51:45.270,canceled,2025-04-16 19:51:22.955
0xa2acaab989921710eb1c9654f6dbb781358db0d2893e44f4a964ad66a86ddd29,0x056fd86c5b8bde4a4f03552e281db86fc6c110a13a79b98b2011aa84bb0ec340,0x935b705b5943b0e1b859651d2ccf375bc96dfdd7000000000000000000000049,limit,sell,308190000,42,2025-04-16 19:51:45.270,canceled,2025-04-16 19:51:22.955
0x1babe9b33333c1cb6f0e9259c3a1e24f3a35c39abe9032b9454baf31b6613fdc,0x056fd86c5b8bde4a4f03552e281db86fc6c110a13a79b98b2011aa84bb0ec340,0x935b705b5943b0e1b859651d2ccf375bc96dfdd7000000000000000000000049,limit,buy,307940000,42,2025-04-16 19:51:22.955,canceled,2025-04-16 19:51:12.800
0x9fecede2ca695ab44dd3d007429b67bd159e0cbc29f37c2ff412a89cb51c1161,0x056fd86c5b8bde4a4f03552e281db86fc6c110a13a79b98b2011aa84bb0ec340,0x935b705b5943b0e1b859651d2ccf375bc96dfdd7000000000000000000000049,limit,sell,308160000,42,2025-04-16 19:51:22.955,canceled,2025-04-16 19:51:12.800
0x14ccaa09e92e0c7c29c2765b7ae8dddd842e383f764af73c3461013f87032b7d,0x056fd86c5b8bde4a4f03552e281db86fc6c110a13a79b98b2011aa84bb0ec340,0x935b705b5943b0e1b859651d2ccf375bc96dfdd7000000000000000000000049,limit,buy,307940000,42,2025-04-16 19:51:12.800,canceled,2025-04-16 19:51:10.974
0xcbd01ff88fca91674c4b920f231f31aa86597283ad45ee1b660df3fba058019a,0x056fd86c5b8bde4a4f03552e281db86fc6c110a13a79b98b2011aa84bb0ec340,0x935b705b5943b0e1b859651d2ccf375bc96dfdd7000000000000000000000049,limit,sell,308140000,42,2025-04-16 19:51:12.800,canceled,2025-04-16 19:51:10.974
0x7d927e4ee0a6272141090cf483c7d654d3c71f8ea6831eea9d941409b52e3ec8,0x056fd86c5b8bde4a4f03552e281db86fc6c110a13a79b98b2011aa84bb0ec340,0x935b705b5943b0e1b859651d2ccf375bc96dfdd7000000000000000000000049,limit,buy,307950000,42,2025-04-16 19:51:10.974,canceled,2025-04-16 19:50:49.354
0x41e51671ac7b07fcb1fd5086291195d749c09b172e39f3c460129cf71de88e23,0x056fd86c5b8bde4a4f03552e281db86fc6c110a13a79b98b2011aa84bb0ec340,0x935b705b5943b0e1b859651d2ccf375bc96dfdd7000000000000000000000049,limit,sell,308330000,42,2025-04-16 19:51:10.974,canceled,2025-04-16 19:50:49.354
0x450b6fce18e183f7ced883689ef467146eeebd88beeeb6e116d8de84833a5b06,0x056fd86c5b8bde4a4f03552e281db86fc6c110a13a79b98b2011aa84bb0ec340,0x935b705b5943b0e1b859651d2ccf375bc96dfdd7000000000000000000000049,limit,buy,307950000,42,2025-04-16 19:50:49.354,canceled,2025-04-16 19:50:44.192
0x0204de56b082bf9bc7418d98ba4ac1c76a38f8417bd071dadfefefa994af507a,0x056fd86c5b8bde4a4f03552e281db86fc6c110a13a79b98b2011aa84bb0ec340,0x935b705b5943b0e1b859651d2ccf375bc96dfdd7000000000000000000000049,limit,sell,308320000,42,2025-04-16 19:50:49.354,canceled,2025-04-16 19:50:44.192
0x2624c251a1cb8c728b4ccf521673e23bd7c965720b4c8347ed0196eafa14eff6,0x056fd86c5b8bde4a4f03552e281db86fc6c110a13a79b98b2011aa84bb0ec340,0x935b705b5943b0e1b859651d2ccf375bc96dfdd7000000000000000000000049,limit,buy,307950000,42,2025-04-16 19:50:44.192,canceled,2025-04-16 19:50:42.092
0xe6deff38e617adcb7d41c9ce142f038529b565d2d8cc198b17eef3bd236e51d2,0x056fd86c5b8bde4a4f03552e281db86fc6c110a13a79b98b2011aa84bb0ec340,0x935b705b5943b0e1b859651d2ccf375bc96dfdd7000000000000000000000049,limit,sell,308290000,42,2025-04-16 19:50:44.192,canceled,2025-04-16 19:50:42.092
0xcad834e5a3d2061dc38fd4bb8476fec663d5f8917e175dbb46e20a45ca05b293,0x056fd86c5b8bde4a4f03552e281db86fc6c110a13a79b98b2011aa84bb0ec340,0x935b705b5943b0e1b859651d2ccf375bc96dfdd7000000000000000000000049,limit,buy,307950000,42,2025-04-16 19:50:42.092,canceled,2025-04-16 19:50:39.434
0xc6c0189b494291ffcdb0272d1cbbe6a54bd0a47d61b5a21dd61988eec536330f,0x056fd86c5b8bde4a4f03552e281db86fc6c110a13a79b98b2011aa84bb0ec340,0x935b705b5943b0e1b859651d2ccf375bc96dfdd7000000000000000000000049,limit,sell,308250000,42,2025-04-16 19:50:42.092,canceled,2025-04-16 19:50:39.434
0x108404e20a8909ad01e145d62e6674afaf1f52ed0c753389ad89187bef56deac,0x056fd86c5b8bde4a4f03552e281db86fc6c110a13a79b98b2011aa84bb0ec340,0x935b705b5943b0e1b859651d2ccf375bc96dfdd7000000000000000000000049,limit,buy,307660000,42,2025-04-16 19:50:39.434,canceled,2025-04-16 19:50:38.073
0x38909017906dbac2b5532a8fc8485bcc59a9b5f7a96c224f2fc18f70b179e2a5,0x056fd86c5b8bde4a4f03552e281db86fc6c110a13a79b98b2011aa84bb0ec340,0x935b705b5943b0e1b859651d2ccf375bc96dfdd7000000000000000000000049,limit,sell,308080000,42,2025-04-16 19:50:39.434,canceled,2025-04-16 19:50:38.073
0x3a5e54423a7d5d2a4d7507916d8e24b63237b077e0435f80e3396ce3a3473583,0x056fd86c5b8bde4a4f03552e281db86fc6c110a13a79b98b2011aa84bb0ec340,0x935b705b5943b0e1b859651d2ccf375bc96dfdd7000000000000000000000049,limit,buy,307620000,42,2025-04-16 19:50:38.073,canceled,2025-04-16 19:50:33.258
0x0dd9ad7e1dda2a205f80c125822efb4dec84eb6d041e9f1d0808c3a7f41350bd,0x056fd86c5b8bde4a4f03552e281db86fc6c110a13a79b98b2011aa84bb0ec340,0x935b705b5943b0e1b859651d2ccf375bc96dfdd7000000000000000000000049,limit,sell,308000000,42,2025-04-16 19:50:38.073,canceled,2025-04-16 19:50:33.258
0x3f054dff518fb34dc4c5377d16a99d6c59ff6185d33199e355d55015673608ef,0x056fd86c5b8bde4a4f03552e281db86fc6c110a13a79b98b2011aa84bb0ec340,0x935b705b5943b0e1b859651d2ccf375bc96dfdd7000000000000000000000049,limit,buy,307580000,42,2025-04-16 19:50:33.258,canceled,2025-04-16 19:50:31.140
0x7f05f04fbdecc64d397b52530cd80430ccd9e9cbec4012a5b1d454d0d747f034,0x056fd86c5b8bde4a4f03552e281db86fc6c110a13a79b98b2011aa84bb0ec340,0x935b705b5943b0e1b859651d2ccf375bc96dfdd7000000000000000000000049,limit,sell,307950000,42,2025-04-16 19:50:33.258,canceled,2025-04-16 19:50:31.140
0xe287796b136ea3bf3d266c319948f924f2781e280accfe73bbce42e42b3af47c,0x056fd86c5b8bde4a4f03552e281db86fc6c110a13a79b98b2011aa84bb0ec340,0x935b705b5943b0e1b859651d2ccf375bc96dfdd7000000000000000000000049,limit,buy,307570000,42,2025-04-16 19:50:31.140,canceled,2025-04-16 19:50:28.818
0xf357205f859e1e2e5b09cac5934b9b797e0aff20f02fea357c091c5ddab726d5,0x056fd86c5b8bde4a4f03552e281db86fc6c110a13a79b98b2011aa84bb0ec340,0x935b705b5943b0e1b859651d2ccf375bc96dfdd7000000000000000000000049,limit,sell,307930000,42,2025-04-16 19:50:31.140,canceled,2025-04-16 19:50:28.818
0xce6abad38e4f66707cc0c51e0a0079c04eb7f63cd071c2633a27324c8bc601a1,0x056fd86c5b8bde4a4f03552e281db86fc6c110a13a79b98b2011aa84bb0ec340,0x935b705b5943b0e1b859651d2ccf375bc96dfdd7000000000000000000000049,limit,buy,307460000,42,2025-04-16 19:50:28.818,canceled,2025-04-16 19:50:28.140
0xa52a70cbb875ef12500288fa72afdfbe45e157ba3f8d039ff4f27d10211b9460,0x056fd86c5b8bde4a4f03552e281db86fc6c110a13a79b98b2011aa84bb0ec340,0x935b705b5943b0e1b859651d2ccf375bc96dfdd7000000000000000000000049,limit,sell,307900000,42,2025-04-16 19:50:28.818,canceled,2025-04-16 19:50:28.140
0x5f5f2e3c0fbc8b855fc282b5dad1d10889c83b9342bb24bc29325178b9059d10,0x056fd86c5b8bde4a4f03552e281db86fc6c110a13a79b98b2011aa84bb0ec340,0x935b705b5943b0e1b859651d2ccf375bc96dfdd7000000000000000000000049,limit,buy,307330000,42,2025-04-16 19:50:28.140,canceled,2025-04-16 19:50:21.083
0xf853932f2d724c9f8d19c41ee84c42d74db1e1f120822050b0700048f7617b49,0x056fd86c5b8bde4a4f03552e281db86fc6c110a13a79b98b2011aa84bb0ec340,0x935b705b5943b0e1b859651d2ccf375bc96dfdd7000000000000000000000049,limit,sell,307760000,42,2025-04-16 19:50:28.140,canceled,2025-04-16 19:50:21.083
0x394c7573ee80046e2d2ddcdb48cb1950d69f7561a2c8684c1dd20e645861f2b3,0x056fd86c5b8bde4a4f03552e281db86fc6c110a13a79b98b2011aa84bb0ec340,0x935b705b5943b0e1b859651d2ccf375bc96dfdd7000000000000000000000049,limit,buy,307310000,42,2025-04-16 19:50:21.083,canceled,2025-04-16 19:50:20.148
0x75bb3334d4412391683e53e2a491d7489957f0180b5bd7717a4f650109f251b2,0x056fd86c5b8bde4a4f03552e281db86fc6c110a13a79b98b2011aa84bb0ec340,0x935b705b5943b0e1b859651d2ccf375bc96dfdd7000000000000000000000049,limit,sell,307740000,42,2025-04-16 19:50:21.083,canceled,2025-04-16 19:50:20.148
0xf79ef30c03d100dc5cc28c97b9ef9dd4f5c21e6bcddbff8ba4fa2cc54b0be456,0x056fd86c5b8bde4a4f03552e281db86fc6c110a13a79b98b2011aa84bb0ec340,0x935b705b5943b0e1b859651d2ccf375bc96dfdd7000000000000000000000049,limit,buy,307310000,42,2025-04-16 19:50:20.148,canceled,2025-04-16 19:50:15.723
0x6246e49632e32cb8891d4a44e0882a96742dc387eb8200a598f525692826fad8,0x056fd86c5b8bde4a4f03552e281db86fc6c110a13a79b98b2011aa84bb0ec340,0x935b705b5943b0e1b859651d2ccf375bc96dfdd7000000000000000000000049,limit,sell,307700000,42,2025-04-16 19:50:20.148,canceled,2025-04-16 19:50:15.723
0xd0f506504280d951feffe58766dfcec462d159baf8cdd8039bc1e1effec75d14,0x056fd86c5b8bde4a4f03552e281db86fc6c110a13a79b98b2011aa84bb0ec340,0x935b705b5943b0e1b859651d2ccf375bc96dfdd7000000000000000000000049,limit,buy,307470000,42,2025-04-16 19:50:15.723,canceled,2025-04-16 19:50:13.319
0xb8c4d7025aca24253026fe9e9ed2667d3fbfe008a236eb187eea610062306da6,0x056fd86c5b8bde4a4f03552e281db86fc6c110a13a79b98b2011aa84bb0ec340,0x935b705b5943b0e1b859651d2ccf375bc96dfdd7000000000000000000000049,limit,sell,307620000,42,2025-04-16 19:50:15.723,canceled,2025-04-16 19:50:13.319
0x6811b2522e177360995a270579d48d56f9576dca741b20021c25d09d2b5bad0f,0x056fd86c5b8bde4a4f03552e281db86fc6c110a13a79b98b2011aa84bb0ec340,0x935b705b5943b0e1b859651d2ccf375bc96dfdd7000000000000000000000049,limit,buy,307490000,42,2025-04-16 19:50:13.319,canceled,2025-04-16 19:50:10.712
0xceb0be6cbfe3b2ef82d234a08a2c5024c162eff3d6e96eef715a4544a6359c2d,0x056fd86c5b8bde4a4f03552e281db86fc6c110a13a79b98b2011aa84bb0ec340,0x935b705b5943b0e1b859651d2ccf375bc96dfdd7000000000000000000000049,limit,sell,307900000,42,2025-04-16 19:50:13.319,canceled,2025-04-16 19:50:10.712
0xa8823834e5e0ffc8bf642bd8a2eb77c0e82225eb9a813a4bf49b6a0fc1b75356,0x056fd86c5b8bde4a4f03552e281db86fc6c110a13a79b98b2011aa84bb0ec340,0x935b705b5943b0e1b859651d2ccf375bc96dfdd7000000000000000000000049,limit,buy,307470000,42,2025-04-16 19:50:10.712,canceled,2025-04-16 19:50:08.766
0x7af5833ccb5d0fe260d859705b00561f3f5eadc7ac2ebdba3bd87f2c38dfd4dc,0x056fd86c5b8bde4a4f03552e281db86fc6c110a13a79b98b2011aa84bb0ec340,0x935b705b5943b0e1b859651d2ccf375bc96dfdd7000000000000000000000049,limit,sell,307830000,42,2025-04-16 19:50:10.712,canceled,2025-04-16 19:50:08.766
0xc0abeedc13085912ca89c7df75785ef1171169bb44c35a2bff85f8dba88e416d,0x056fd86c5b8bde4a4f03552e281db86fc6c110a13a79b98b2011aa84bb0ec340,0x935b705b5943b0e1b859651d2ccf375bc96dfdd7000000000000000000000049,limit,buy,307480000,42,2025-04-16 19:50:08.766,canceled,2025-04-16 19:50:06.877
0x909ce9badd18668b3adb5c33fbf56bf4c484fe0fa2cd6b9448e8486873ba2f0a,0x056fd86c5b8bde4a4f03552e281db86fc6c110a13a79b98b2011aa84bb0ec340,0x935b705b5943b0e1b859651d2ccf375bc96dfdd7000000000000000000000049,limit,sell,307830000,42,2025-04-16 19:50:08.766,canceled,2025-04-16 19:50:06.877
0x756c3d55365341f4ce2e9c422206845e6f51b56ed3d2d44643b4f830b69c520b,0x056fd86c5b8bde4a4f03552e281db86fc6c110a13a79b98b2011aa84bb0ec340,0x935b705b5943b0e1b859651d2ccf375bc96dfdd7000000000000000000000049,limit,buy,307550000,42,2025-04-16 19:50:06.877,canceled,2025-04-16 19:50:05.767
0xf07ab24299b137ec3031a4857573a9b437bbea8efe6aaadac1b126405b91e519,0x056fd86c5b8bde4a4f03552e281db86fc6c110a13a79b98b2011aa84bb0ec340,0x935b705b5943b0e1b859651d2ccf375bc96dfdd7000000000000000000000049,limit,sell,307900000,42,2025-04-16 19:50:06.877,canceled,2025-04-16 19:50:05.767
0x036e823155371e2ad3dfd9c03dfa532ee598af8401b595aae64d642d78f361ce,0x056fd86c5b8bde4a4f03552e281db86fc6c110a13a79b98b2011aa84bb0ec340,0x935b705b5943b0e1b859651d2ccf375bc96dfdd7000000000000000000000049,limit,buy,307610000,42,2025-04-16 19:50:05.767,canceled,2025-04-16 19:50:01.561
0xf84807b5d089d6c398cad9045cbd69b5be9eb33146e673797e2bf37ecd7ec953,0x056fd86c5b8bde4a4f03552e281db86fc6c110a13a79b98b2011aa84bb0ec340,0x935b705b5943b0e1b859651d2ccf375bc96dfdd7000000000000000000000049,limit,sell,308000000,42,2025-04-16 19:50:05.767,canceled,2025-04-16 19:50:01.561
0x26f00fb7e8b49cc58a9f5140047f4e9b953b8007efbd98ea420a477928266b80,0x056fd86c5b8bde4a4f03552e281db86fc6c110a13a79b98b2011aa84bb0ec340,0x935b705b5943b0e1b859651d2ccf375bc96dfdd7000000000000000000000049,limit,buy,307550000,42,2025-04-16 19:50:01.561,canceled,2025-04-16 19:49:59.856
0x0ea59637c8a2b5dff35423c52aa7899edc869f70344c12b12183e5462cb4bf75,0x056fd86c5b8bde4a4f03552e281db86fc6c110a13a79b98b2011aa84bb0ec340,0x935b705b5943b0e1b859651d2ccf375bc96dfdd7000000000000000000000049,limit,sell,307920000,42,2025-04-16 19:50:01.561,canceled,2025-04-16 19:49:59.856
0xbda3a40cff902c2714cebc340252bdec2812a25df73fa9fa750078c3b6be6166,0x056fd86c5b8bde4a4f03552e281db86fc6c110a13a79b98b2011aa84bb0ec340,0x935b705b5943b0e1b859651d2ccf375bc96dfdd7000000000000000000000049,limit,buy,307550000,42,2025-04-16 19:49:59.856,canceled,2025-04-16 19:49:23.675
0x3bf6e62d5443be3bf7eedc78a8fd48cb1c04eff530a38387fbc358c4049e3bec,0x056fd86c5b8bde4a4f03552e281db86fc6c110a13a79b98b2011aa84bb0ec340,0x935b705b5943b0e1b859651d2ccf375bc96dfdd7000000000000000000000049,limit,sell,307820000,42,2025-04-16 19:49:59.856,canceled,2025-04-16 19:49:23.675
0x9342643ceb400e487ae793fa7862f88eba74401e3a87a90feebebf5ab97a4ac1,0x056fd86c5b8bde4a4f03552e281db86fc6c110a13a79b98b2011aa84bb0ec340,0x935b705b5943b0e1b859651d2ccf375bc96dfdd7000000000000000000000049,limit,buy,307550000,42,2025-04-16 19:49:23.675,canceled,2025-04-16 19:49:20.635
0xe80a4423549594998bcf20edbf527558bea6d303fab9afb8ade29f2d65b8520f,0x056fd86c5b8bde4a4f03552e281db86fc6c110a13a79b98b2011aa84bb0ec340,0x935b705b5943b0e1b859651d2ccf375bc96dfdd7000000000000000000000049,limit,sell,307800000,42,2025-04-16 19:49:23.675,canceled,2025-04-16 19:49:20.635
0xf42974227a2805cd0416eb1e059678f1652ca439ca43f2a68fca096ac2cc7304,0x056fd86c5b8bde4a4f03552e281db86fc6c110a13a79b98b2011aa84bb0ec340,0x935b705b5943b0e1b859651d2ccf375bc96dfdd7000000000000000000000049,limit,buy,307440000,42,2025-04-16 19:49:20.635,canceled,2025-04-16 19:48:43.577
0x369a7fe8c057fcb7bf7206105f2feda757fd865abfdb0478217b8abd027bad03,0x056fd86c5b8bde4a4f03552e281db86fc6c110a13a79b98b2011aa84bb0ec340,0x935b705b5943b0e1b859651d2ccf375bc96dfdd7000000000000000000000049,limit,sell,307740000,42,2025-04-16 19:49:20.635,canceled,2025-04-16 19:48:43.577
0xe6a81f0253a9b086616b4f038964ff7e3dd84a503c3988ee0f45275eceb85ccd,0x056fd86c5b8bde4a4f03552e281db86fc6c110a13a79b98b2011aa84bb0ec340,0x935b705b5943b0e1b859651d2ccf375bc96dfdd7000000000000000000000049,limit,buy,307420000,42,2025-04-16 19:48:43.577,canceled,2025-04-16 19:48:17.581
0xd1a9e446a4e37265d617379d4387489cc30ff599a667f57fd2f3e4df0fcffcf3,0x056fd86c5b8bde4a4f03552e281db86fc6c110a13a79b98b2011aa84bb0ec340,0x935b705b5943b0e1b859651d2ccf375bc96dfdd7000000000000000000000049,limit,sell,307660000,42,2025-04-16 19:48:43.577,canceled,2025-04-16 19:48:17.581
0xbd8392ed0acd0e8409a3974a2b989442c80892786733380e7f62af9ca8443694,0x056fd86c5b8bde4a4f03552e281db86fc6c110a13a79b98b2011aa84bb0ec340,0x935b705b5943b0e1b859651d2ccf375bc96dfdd7000000000000000000000049,limit,buy,307420000,42,2025-04-16 19:48:17.581,canceled,2025-04-16 19:48:16.867
0xb104910c046f828ab360219a7561b182c322f37050f0a8d28029f7074187cbec,0x056fd86c5b8bde4a4f03552e281db86fc6c110a13a79b98b2011aa84bb0ec340,0x935b705b5943b0e1b859651d2ccf375bc96dfdd7000000000000000000000049,limit,sell,307570000,42,2025-04-16 19:48:17.581,canceled,2025-04-16 19:48:16.867
0x562e22af650d59aac43be4374062d4361398e5fda8a715900c39c610110ebb25,0x056fd86c5b8bde4a4f03552e281db86fc6c110a13a79b98b2011aa84bb0ec340,0x935b705b5943b0e1b859651d2ccf375bc96dfdd7000000000000000000000049,limit,buy,307570000,42,2025-04-16 19:48:16.867,canceled,2025-04-16 19:48:15.521
0xb6c7da75963edd240f77686aba5e3573655f38551d9027a625938e806f9b5a43,0x056fd86c5b8bde4a4f03552e281db86fc6c110a13a79b98b2011aa84bb0ec340,0x935b705b5943b0e1b859651d2ccf375bc96dfdd7000000000000000000000049,limit,sell,307790000,42,2025-04-16 19:48:16.867,canceled,2025-04-16 19:48:15.521
0x9905264eaf71a5ee1bf2641c97b00ef2f41ecc8d696d50c11357039149483a87,0x056fd86c5b8bde4a4f03552e281db86fc6c110a13a79b98b2011aa84bb0ec340,0x935b705b5943b0e1b859651d2ccf375bc96dfdd7000000000000000000000049,limit,buy,307600000,42,2025-04-16 19:48:15.521,canceled,2025-04-16 19:47:30.174
0x8b9b664a889c01eaebe4f5a788c9cddaedd5281949c9eff1fb132d0b4216cf7c,0x056fd86c5b8bde4a4f03552e281db86fc6c110a13a79b98b2011aa84bb0ec340,0x935b705b5943b0e1b859651d2ccf375bc96dfdd7000000000000000000000049,limit,sell,307930000,42,2025-04-16 19:48:15.521,canceled,2025-04-16 19:47:30.174
0x921aacc95fc68bedc540ebb7f8b1af6b75cbbf9d199d842d089fa43f9913f84f,0x056fd86c5b8bde4a4f03552e281db86fc6c110a13a79b98b2011aa84bb0ec340,0x935b705b5943b0e1b859651d2ccf375bc96dfdd7000000000000000000000049,limit,buy,307530000,42,2025-04-16 19:47:30.174,canceled,2025-04-16 19:46:32.150
0x4817526b4c93345ccd2e7e8ecb91599aebf76e7837467c0683eaeac58747f0b7,0x056fd86c5b8bde4a4f03552e281db86fc6c110a13a79b98b2011aa84bb0ec340,0x935b705b5943b0e1b859651d2ccf375bc96dfdd7000000000000000000000049,limit,sell,307910000,42,2025-04-16 19:47:30.174,canceled,2025-04-16 19:46:32.150
0x69b11e7b8d9bbebf5e18d56bb2e867e476b9919311215fa1e76ba3baa52f7576,0x056fd86c5b8bde4a4f03552e281db86fc6c110a13a79b98b2011aa84bb0ec340,0x935b705b5943b0e1b859651d2ccf375bc96dfdd7000000000000000000000049,limit,buy,307600000,42,2025-04-16 19:46:32.150,canceled,2025-04-16 19:46:26.169
0xf79b34d4a2e2e4eeb16616ab1348b3bbb78661ce022c0e4568dd50bc4bde6aa9,0x056fd86c5b8bde4a4f03552e281db86fc6c110a13a79b98b2011aa84bb0ec340,0x935b705b5943b0e1b859651d2ccf375bc96dfdd7000000000000000000000049,limit,sell,307990000,42,2025-04-16 19:46:32.150,canceled,2025-04-16 19:46:26.169
0x3f7e07b9b8d97e0df2ba597221ddf880a093f5729b4859396a6a2b5c8af2037e,0x056fd86c5b8bde4a4f03552e281db86fc6c110a13a79b98b2011aa84bb0ec340,0x935b705b5943b0e1b859651d2ccf375bc96dfdd7000000000000000000000049,limit,buy,307720000,42,2025-04-16 19:46:26.169,canceled,2025-04-16 19:46:25.536
0xac90faa274a7625b185da36adf50332d6a5b01568228343511648ce8b68f0caf,0x056fd86c5b8bde4a4f03552e281db86fc6c110a13a79b98b2011aa84bb0ec340,0x935b705b5943b0e1b859651d2ccf375bc96dfdd7000000000000000000000049,limit,sell,308060000,42,2025-04-16 19:46:26.169,canceled,2025-04-16 19:46:25.536
0xd0487a59e1a452a84115042ab93bafc6ef37d5bbb62e6e464c359b8270ca2e1a,0x056fd86c5b8bde4a4f03552e281db86fc6c110a13a79b98b2011aa84bb0ec340,0x935b705b5943b0e1b859651d2ccf375bc96dfdd7000000000000000000000049,limit,buy,307700000,42,2025-04-16 19:46:25.536,canceled,2025-04-16 19:46:22.236
0xf8c69cbbd95325b47d47d6c9d118ddf30c84fbb8c4809bcd24d6fb32402a739a,0x056fd86c5b8bde4a4f03552e281db86fc6c110a13a79b98b2011aa84bb0ec340,0x935b705b5943b0e1b859651d2ccf375bc96dfdd7000000000000000000000049,limit,sell,308000000,42,2025-04-16 19:46:25.536,canceled,2025-04-16 19:46:22.236
0x0607072b6993c3cbe3e4c3b40a994c1b197bf41d63dc522f8d77ca0529b06389,0x056fd86c5b8bde4a4f03552e281db86fc6c110a13a79b98b2011aa84bb0ec340,0x935b705b5943b0e1b859651d2ccf375bc96dfdd7000000000000000000000049,limit,buy,307770000,42,2025-04-16 19:46:22.236,canceled,2025-04-16 19:46:12.415
0x0dca998208baeb69e2be1cce74fb3b92f8ac8ff82d5bf716c698e17dd4a43edf,0x056fd86c5b8bde4a4f03552e281db86fc6c110a13a79b98b2011aa84bb0ec340,0x935b705b5943b0e1b859651d2ccf375bc96dfdd7000000000000000000000049,limit,sell,308150000,42,2025-04-16 19:46:22.236,canceled,2025-04-16 19:46:12.415
0x07632dde57f2300f0394d20841759fb3224b0ca6e39a5a57ba90c2576d04c74d,0x056fd86c5b8bde4a4f03552e281db86fc6c110a13a79b98b2011aa84bb0ec340,0x935b705b5943b0e1b859651d2ccf375bc96dfdd7000000000000000000000049,limit,buy,307770000,42,2025-04-16 19:46:12.415,canceled,2025-04-16 19:46:11.789
0x2d0a06f7e2286492505c62a09cb78852141099e5d91f53639ffc7e1cdcffaf2f,0x056fd86c5b8bde4a4f03552e281db86fc6c110a13a79b98b2011aa84bb0ec340,0x935b705b5943b0e1b859651d2ccf375bc96dfdd7000000000000000000000049,limit,sell,308110000,42,2025-04-16 19:46:12.415,canceled,2025-04-16 19:46:11.789
0xe1e651f1477c01107d765aae5ab0c6ee5af092f90e8fa0b60a488a9602f4dee6,0x056fd86c5b8bde4a4f03552e281db86fc6c110a13a79b98b2011aa84bb0ec340,0x935b705b5943b0e1b859651d2ccf375bc96dfdd7000000000000000000000049,limit,buy,307880000,42,2025-04-16 19:46:11.789,canceled,2025-04-16 19:46:02.079
0x1456984021a634bbfa9886238ed2471a1d5c4605adec780035ebcd84d28a6a24,0x056fd86c5b8bde4a4f03552e281db86fc6c110a13a79b98b2011aa84bb0ec340,0x935b705b5943b0e1b859651d2ccf375bc96dfdd7000000000000000000000049,limit,sell,308160000,42,2025-04-16 19:46:11.789,canceled,2025-04-16 19:46:02.079
0xa7fe86b087cbfc6ee4465e43089a912a22eeb718635fa68f29ed65ce3d4446c2,0x056fd86c5b8bde4a4f03552e281db86fc6c110a13a79b98b2011aa84bb0ec340,0x935b705b5943b0e1b859651d2ccf375bc96dfdd7000000000000000000000049,limit,buy,307880000,42,2025-04-16 19:46:02.079,canceled,2025-04-16 19:45:58.773
0x2dd312d39de8745e05c446c267a9c5be0242ed88e3424c0041aab241258947f1,0x056fd86c5b8bde4a4f03552e281db86fc6c110a13a79b98b2011aa84bb0ec340,0x935b705b5943b0e1b859651d2ccf375bc96dfdd7000000000000000000000049,limit,sell,308130000,42,2025-04-16 19:46:02.079,canceled,2025-04-16 19:45:58.773
0x0d4e98359413c268bdd9da651775d51d3961721146a111b0e277fd15eb009f14,0x056fd86c5b8bde4a4f03552e281db86fc6c110a13a79b98b2011aa84bb0ec340,0x935b705b5943b0e1b859651d2ccf375bc96dfdd7000000000000000000000049,limit,buy,307920000,42,2025-04-16 19:45:58.773,canceled,2025-04-16 19:45:46.390
0xe8f0221157b05afd770c837e155747de27d9cfcd79a3f7266c185bd1fbee5d75,0x056fd86c5b8bde4a4f03552e281db86fc6c110a13a79b98b2011aa84bb0ec340,0x935b705b5943b0e1b859651d2ccf375bc96dfdd7000000000000000000000049,limit,sell,308210000,42,2025-04-16 19:45:58.773,canceled,2025-04-16 19:45:46.390
0x8f9c476650b222e5a5d7fc917f78d03d16a2df9f850642c3f385af65dc19bc52,0x056fd86c5b8bde4a4f03552e281db86fc6c110a13a79b98b2011aa84bb0ec340,0x935b705b5943b0e1b859651d2ccf375bc96dfdd7000000000000000000000049,limit,buy,307840000,42,2025-04-16 19:45:46.390,canceled,2025-04-16 19:44:59.909
0xf6e7638411e77f2c6979f47429b024869d076805ee5b047e678c84cbc2f3bc3b,0x056fd86c5b8bde4a4f03552e281db86fc6c110a13a79b98b2011aa84bb0ec340,0x935b705b5943b0e1b859651d2ccf375bc96dfdd7000000000000000000000049,limit,sell,308130000,42,2025-04-16 19:45:46.390,canceled,2025-04-16 19:44:59.909
0xc8e22967af121599c4536229f060899a4faeee22263957977df04b7b98b642de,0x056fd86c5b8bde4a4f03552e281db86fc6c110a13a79b98b2011aa84bb0ec340,0x935b705b5943b0e1b859651d2ccf375bc96dfdd7000000000000000000000049,limit,buy,307840000,42,2025-04-16 19:44:59.909,canceled,2025-04-16 19:44:54.062
0x4c31565660f565b5ec9e62e7f38dd23610bd8db01ede06ad430bec21373efbe6,0x056fd86c5b8bde4a4f03552e281db86fc6c110a13a79b98b2011aa84bb0ec340,0x935b705b5943b0e1b859651d2ccf375bc96dfdd7000000000000000000000049,limit,sell,308070000,42,2025-04-16 19:44:59.909,canceled,2025-04-16 19:44:54.062
0x0fdb8e593da21af433cc4860fb5951974296991742fed9213b27320d1e98e53a,0x056fd86c5b8bde4a4f03552e281db86fc6c110a13a79b98b2011aa84bb0ec340,0x935b705b5943b0e1b859651d2ccf375bc96dfdd7000000000000000000000049,limit,buy,307890000,42,2025-04-16 19:44:54.062,canceled,2025-04-16 19:44:51.542
0xef23f57e750761604c0b82534876bba05907dc7bc1b6227e7a53064bfa2dd5df,0x056fd86c5b8bde4a4f03552e281db86fc6c110a13a79b98b2011aa84bb0ec340,0x935b705b5943b0e1b859651d2ccf375bc96dfdd7000000000000000000000049,limit,sell,308130000,42,2025-04-16 19:44:54.062,canceled,2025-04-16 19:44:51.542
0xcc743afa24a486d1c9f80c6fd090c26752ea3919889622e4f05b6618c24e2448,0x056fd86c5b8bde4a4f03552e281db86fc6c110a13a79b98b2011aa84bb0ec340,0x935b705b5943b0e1b859651d2ccf375bc96dfdd7000000000000000000000049,limit,buy,307840000,42,2025-04-16 19:44:51.542,canceled,2025-04-16 19:44:49.645
0x6e5f0bea8b2d1ef933d374973844f0ba961444f097d9ddcbc6ccac1a575f0ce7,0x056fd86c5b8bde4a4f03552e281db86fc6c110a13a79b98b2011aa84bb0ec340,0x935b705b5943b0e1b859651d2ccf375bc96dfdd7000000000000000000000049,limit,sell,308060000,42,2025-04-16 19:44:51.542,canceled,2025-04-16 19:44:49.645
0x04f079bc9b75302163110a4e41a3d7fe5ce79d9b7288bb626389e4a33272f40c,0x056fd86c5b8bde4a4f03552e281db86fc6c110a13a79b98b2011aa84bb0ec340,0x935b705b5943b0e1b859651d2ccf375bc96dfdd7000000000000000000000049,limit,buy,307940000,42,2025-04-16 19:44:49.645,canceled,2025-04-16 19:44:42.669
0x6644f653f9aa4f554c34aad271a4a4c0502b8fa5c088dcd2291eea6f1466bdbd,0x056fd86c5b8bde4a4f03552e281db86fc6c110a13a79b98b2011aa84bb0ec340,0x935b705b5943b0e1b859651d2ccf375bc96dfdd7000000000000000000000049,limit,sell,308130000,42,2025-04-16 19:44:49.645,canceled,2025-04-16 19:44:42.669
0xe30186eb1df233ce111581f67fb8bfad72a73dd2cc1f58a1a60495348d089a1c,0x056fd86c5b8bde4a4f03552e281db86fc6c110a13a79b98b2011aa84bb0ec340,0x935b705b5943b0e1b859651d2ccf375bc96dfdd7000000000000000000000049,limit,buy,307940000,42,2025-04-16 19:44:42.669,canceled,2025-04-16 19:44:42.013
0x18f3b7f122c6dea8d2d0f6d7d2f10a0fb0be97c2a52a4d037a0343a8c88cd558,0x056fd86c5b8bde4a4f03552e281db86fc6c110a13a79b98b2011aa84bb0ec340,0x935b705b5943b0e1b859651d2ccf375bc96dfdd7000000000000000000000049,limit,sell,308120000,42,2025-04-16 19:44:42.669,canceled,2025-04-16 19:44:42.013
0x2e99704b37ab5f5e4a8a021b78b068015016b062bb3c958f164fbc08fdebcfe4,0x056fd86c5b8bde4a4f03552e281db86fc6c110a13a79b98b2011aa84bb0ec340,0x935b705b5943b0e1b859651d2ccf375bc96dfdd7000000000000000000000049,limit,buy,307980000,42,2025-04-16 19:44:42.013,canceled,2025-04-16 19:44:36.414
0x28019524a5010e6ee9c0e62ffcd6d5d6113b904f03dfce95615f56b07dd4e7c1,0x056fd86c5b8bde4a4f03552e281db86fc6c110a13a79b98b2011aa84bb0ec340,0x935b705b5943b0e1b859651d2ccf375bc96dfdd7000000000000000000000049,limit,sell,308140000,42,2025-04-16 19:44:42.013,canceled,2025-04-16 19:44:36.414
0xa2f7f185e65079b3b9b012aaaf490f1b8bd1f814e48f4c4289838b2a3c1fa133,0x056fd86c5b8bde4a4f03552e281db86fc6c110a13a79b98b2011aa84bb0ec340,0x935b705b5943b0e1b859651d2ccf375bc96dfdd7000000000000000000000049,limit,buy,308010000,42,2025-04-16 19:44:36.414,canceled,2025-04-16 19:44:35.079
0x88c53ad0b603cfaa8da4af05d6520edac1eb2bae474c18df4f5305c1f4d3921d,0x056fd86c5b8bde4a4f03552e281db86fc6c110a13a79b98b2011aa84bb0ec340,0x935b705b5943b0e1b859651d2ccf375bc96dfdd7000000000000000000000049,limit,sell,308240000,42,2025-04-16 19:44:36.414,canceled,2025-04-16 19:44:35.079
0x4924f12e22e8f0ec0c4b8b4ae850bcc40e49076dd3915a4cc3694425bcd1c6de,0x056fd86c5b8bde4a4f03552e281db86fc6c110a13a79b98b2011aa84bb0ec340,0x935b705b5943b0e1b859651d2ccf375bc96dfdd7000000000000000000000049,limit,buy,308010000,42,2025-04-16 19:44:35.079,canceled,2025-04-16 19:44:33.828
0xce56e62f9360f65337772a7c8f62221a3c316a9f1a74eba32b0148adcbb8c702,0x056fd86c5b8bde4a4f03552e281db86fc6c110a13a79b98b2011aa84bb0ec340,0x935b705b5943b0e1b859651d2ccf375bc96dfdd7000000000000000000000049,limit,sell,308170000,42,2025-04-16 19:44:35.079,canceled,2025-04-16 19:44:33.828
0x340a95b388ca0f1072378f760ba9d32292e6c45111152df0ea9dbc93e38f9349,0x056fd86c5b8bde4a4f03552e281db86fc6c110a13a79b98b2011aa84bb0ec340,0x935b705b5943b0e1b859651d2ccf375bc96dfdd7000000000000000000000049,limit,buy,308040000,42,2025-04-16 19:44:33.828,canceled,2025-04-16 19:44:31.241
0xb2404d49bd35f3a789f40af2e095231ccc390b41c09e37a9bb3b1d4e11911ec8,0x056fd86c5b8bde4a4f03552e281db86fc6c110a13a79b98b2011aa84bb0ec340,0x935b705b5943b0e1b859651d2ccf375bc96dfdd7000000000000000000000049,limit,sell,308240000,42,2025-04-16 19:44:33.828,canceled,2025-04-16 19:44:31.241
0x2f2de198bb5dd0427709e5d53b98323415da091e63d25e05997409d48d0e9d76,0x056fd86c5b8bde4a4f03552e281db86fc6c110a13a79b98b2011aa84bb0ec340,0x935b705b5943b0e1b859651d2ccf375bc96dfdd7000000000000000000000049,limit,buy,308090000,42,2025-04-16 19:44:31.241,canceled,2025-04-16 19:44:30.605
0xc4113be2ed081de42bca913cbb3f097ab304ca888e73cf418d63a2ed97fdd2d0,0x056fd86c5b8bde4a4f03552e281db86fc6c110a13a79b98b2011aa84bb0ec340,0x935b705b5943b0e1b859651d2ccf375bc96dfdd7000000000000000000000049,limit,sell,308290000,42,2025-04-16 19:44:31.241,canceled,2025-04-16 19:44:30.605
0xc83c92c6f06cfd177d431b06fb84d060c86e770bc4e8cb1bdc94a4430aa13bfd,0x056fd86c5b8bde4a4f03552e281db86fc6c110a13a79b98b2011aa84bb0ec340,0x935b705b5943b0e1b859651d2ccf375bc96dfdd7000000000000000000000049,limit,buy,308150000,42,2025-04-16 19:44:30.605,canceled,2025-04-16 19:44:29.938
0x68e94789ff874f666a0ee73a09441759da023f17dfff02c9bfcad68976b9ffc4,0x056fd86c5b8bde4a4f03552e281db86fc6c110a13a79b98b2011aa84bb0ec340,0x935b705b5943b0e1b859651d2ccf375bc96dfdd7000000000000000000000049,limit,sell,308250000,42,2025-04-16 19:44:30.605,canceled,2025-04-16 19:44:29.938
0xd1266c048ea327c9f50766b89fa2dfdcff05b146122889e211c32ee72920ebfc,0x056fd86c5b8bde4a4f03552e281db86fc6c110a13a79b98b2011aa84bb0ec340,0x935b705b5943b0e1b859651d2ccf375bc96dfdd7000000000000000000000049,limit,buy,308180000,42,2025-04-16 19:44:29.938,canceled,2025-04-16 19:44:08.779
0x68a65df866c264b011abe68e5b099e7296a86d1d2b3440f2445ee3d7229221f5,0x056fd86c5b8bde4a4f03552e281db86fc6c110a13a79b98b2011aa84bb0ec340,0x935b705b5943b0e1b859651d2ccf375bc96dfdd7000000000000000000000049,limit,sell,308400000,42,2025-04-16 19:44:29.938,canceled,2025-04-16 19:44:08.779
0xb263bcc5930f79b207ae36d4f8db41c2b146e8d5b5764d67199cfae131597ffa,0x056fd86c5b8bde4a4f03552e281db86fc6c110a13a79b98b2011aa84bb0ec340,0x935b705b5943b0e1b859651d2ccf375bc96dfdd7000000000000000000000049,limit,buy,308180000,42,2025-04-16 19:44:08.779,canceled,2025-04-16 19:44:08.125
0xfaeb26367cc589cf1ded4174afd4ec85ad8f8e5eba182d0603f2ac6cf685bcb8,0x056fd86c5b8bde4a4f03552e281db86fc6c110a13a79b98b2011aa84bb0ec340,0x935b705b5943b0e1b859651d2ccf375bc96dfdd7000000000000000000000049,limit,sell,308380000,42,2025-04-16 19:44:08.779,canceled,2025-04-16 19:44:08.125
0x8c4d9e8e5efdc0854f3d41411b7e1c8cac11698a078e19c36e93e11c569df03f,0x056fd86c5b8bde4a4f03552e281db86fc6c110a13a79b98b2011aa84bb0ec340,0x935b705b5943b0e1b859651d2ccf375bc96dfdd7000000000000000000000049,limit,buy,308180000,42,2025-04-16 19:44:08.125,canceled,2025-04-16 19:44:05.254
0x25cebd1bd1edd0b11c0ca37c6cdd03111ba77e5f4cc09be21c226b46e7999d55,0x056fd86c5b8bde4a4f03552e281db86fc6c110a13a79b98b2011aa84bb0ec340,0x935b705b5943b0e1b859651d2ccf375bc96dfdd7000000000000000000000049,limit,sell,308290000,42,2025-04-16 19:44:08.125,canceled,2025-04-16 19:44:05.254
0xac55cfc9080203d67d850a62dc31c8c5ea024f013e878e7892d04d9de635599d,0x056fd86c5b8bde4a4f03552e281db86fc6c110a13a79b98b2011aa84bb0ec340,0x935b705b5943b0e1b859651d2ccf375bc96dfdd7000000000000000000000049,limit,buy,308210000,42,2025-04-16 19:44:05.254,canceled,2025-04-16 19:43:22.730
0xb75119f7d0c7f8638caa8ea761d806d9437ad5cf735bc6fd951b6880d99eb560,0x056fd86c5b8bde4a4f03552e281db86fc6c110a13a79b98b2011aa84bb0ec340,0x935b705b5943b0e1b859651d2ccf375bc96dfdd7000000000000000000000049,limit,sell,308420000,42,2025-04-16 19:44:05.254,canceled,2025-04-16 19:43:22.730
0x4b8bf75c68ea9b1ec2b88f4fea03da93a6e58ff35186c1517666521032d7a345,0x056fd86c5b8bde4a4f03552e281db86fc6c110a13a79b98b2011aa84bb0ec340,0x935b705b5943b0e1b859651d2ccf375bc96dfdd7000000000000000000000049,limit,buy,308180000,42,2025-04-16 19:43:22.730,canceled,2025-04-16 19:42:57.727
0x782fb496f44216dda1df5e9e801073fd7122a20a09c183d74dc36a0988409091,0x056fd86c5b8bde4a4f03552e281db86fc6c110a13a79b98b2011aa84bb0ec340,0x935b705b5943b0e1b859651d2ccf375bc96dfdd7000000000000000000000049,limit,sell,308390000,42,2025-04-16 19:43:22.730,canceled,2025-04-16 19:42:57.727
0x9faf03b4c4d8c529fb6b0fe1b061514203cefd93e9cd6379b879ad8c999e83ad,0x056fd86c5b8bde4a4f03552e281db86fc6c110a13a79b98b2011aa84bb0ec340,0x935b705b5943b0e1b859651d2ccf375bc96dfdd7000000000000000000000049,limit,buy,308260000,42,2025-04-16 19:42:57.727,canceled,2025-04-16 19:42:57.078
0x32b5e5e4c0447d2e71ad96e6d8411e4aaf3bcca37c0b3568dae07c7eed36f105,0x056fd86c5b8bde4a4f03552e281db86fc6c110a13a79b98b2011aa84bb0ec340,0x935b705b5943b0e1b859651d2ccf375bc96dfdd7000000000000000000000049,limit,sell,308390000,42,2025-04-16 19:42:57.727,canceled,2025-04-16 19:42:57.078
0x60039ab45cc7e1b1c4c056170985a2847f91c91b8f46461a428804f4ba0acef5,0x056fd86c5b8bde4a4f03552e281db86fc6c110a13a79b98b2011aa84bb0ec340,0x935b705b5943b0e1b859651d2ccf375bc96dfdd7000000000000000000000049,limit,buy,308150000,42,2025-04-16 19:42:57.078,canceled,2025-04-16 19:42:50.497
0x110d678e17faf4ca8f16eb4c7a90442050c7e4ca95d81ba40f574d9badccabf4,0x056fd86c5b8bde4a4f03552e281db86fc6c110a13a79b98b2011aa84bb0ec340,0x935b705b5943b0e1b859651d2ccf375bc96dfdd7000000000000000000000049,limit,sell,308320000,42,2025-04-16 19:42:57.078,canceled,2025-04-16 19:42:50.497
0x60f76545ff00e8f8fa2416e2661c1b6dfddb8d3db462080b6edd32106c34ca06,0x056fd86c5b8bde4a4f03552e281db86fc6c110a13a79b98b2011aa84bb0ec340,0x935b705b5943b0e1b859651d2ccf375bc96dfdd7000000000000000000000049,limit,buy,307950000,42,2025-04-16 19:42:50.497,canceled,2025-04-16 19:42:15.192
0x966b87b35e44a1cc993bbc01c394d351598a3e4ece3b4c03afc0208ee395a687,0x056fd86c5b8bde4a4f03552e281db86fc6c110a13a79b98b2011aa84bb0ec340,0x935b705b5943b0e1b859651d2ccf375bc96dfdd7000000000000000000000049,limit,sell,308220000,42,2025-04-16 19:42:50.497,canceled,2025-04-16 19:42:15.192
0x96af84cd0eef900293057d3829dd9c0b582f6d8bd909e11da4feed1472ee4540,0x056fd86c5b8bde4a4f03552e281db86fc6c110a13a79b98b2011aa84bb0ec340,0x935b705b5943b0e1b859651d2ccf375bc96dfdd7000000000000000000000049,limit,buy,307850000,42,2025-04-16 19:42:15.192,canceled,2025-04-16 19:41:48.030
0x8126b4758169e883971d207d7a08e14de038fcc619e244ed6dce18b9cda8edf6,0x056fd86c5b8bde4a4f03552e281db86fc6c110a13a79b98b2011aa84bb0ec340,0x935b705b5943b0e1b859651d2ccf375bc96dfdd7000000000000000000000049,limit,sell,308170000,42,2025-04-16 19:42:15.192,canceled,2025-04-16 19:41:48.030
0xf5380ba9a108e8f4627ef283b334c2589d27d40142613dfe1b628329f4a58d16,0x056fd86c5b8bde4a4f03552e281db86fc6c110a13a79b98b2011aa84bb0ec340,0x935b705b5943b0e1b859651d2ccf375bc96dfdd7000000000000000000000049,limit,buy,307850000,42,2025-04-16 19:41:48.030,canceled,2025-04-16 19:41:47.366
0xfd53b45c63051c9ba2b55110ab4e82394727d72ff4cc2393153e7a0d8e213d4b,0x056fd86c5b8bde4a4f03552e281db86fc6c110a13a79b98b2011aa84bb0ec340,0x935b705b5943b0e1b859651d2ccf375bc96dfdd7000000000000000000000049,limit,sell,308050000,42,2025-04-16 19:41:48.030,canceled,2025-04-16 19:41:47.366
0x42586ca2ecdebe3081b4c169f709729db7d9aefa4572b9b95445d5fa2f8fe4ae,0x056fd86c5b8bde4a4f03552e281db86fc6c110a13a79b98b2011aa84bb0ec340,0x935b705b5943b0e1b859651d2ccf375bc96dfdd7000000000000000000000049,limit,buy,307800000,42,2025-04-16 19:41:47.366,canceled,2025-04-16 19:41:43.675
0xedefa4a48f786bbf95057801f23e3ab7f1bc07c04f9840d113d6edde1733c6f4,0x056fd86c5b8bde4a4f03552e281db86fc6c110a13a79b98b2011aa84bb0ec340,0x935b705b5943b0e1b859651d2ccf375bc96dfdd7000000000000000000000049,limit,sell,308040000,42,2025-04-16 19:41:47.366,canceled,2025-04-16 19:41:43.675
0xf77d212aae37d8908ab56bc08ac15bc009b30fd5c06ec6b41ce50e8a300b01a8,0x056fd86c5b8bde4a4f03552e281db86fc6c110a13a79b98b2011aa84bb0ec340,0x935b705b5943b0e1b859651d2ccf375bc96dfdd7000000000000000000000049,limit,buy,307800000,42,2025-04-16 19:41:43.675,canceled,2025-04-16 19:41:37.778
0x63313acf2db9757059485dadb2b4f0b80f7a8cff97ff1f1ddf60fac043f900d0,0x056fd86c5b8bde4a4f03552e281db86fc6c110a13a79b98b2011aa84bb0ec340,0x935b705b5943b0e1b859651d2ccf375bc96dfdd7000000000000000000000049,limit,sell,308010000,42,2025-04-16 19:41:43.675,canceled,2025-04-16 19:41:37.778
0x8341a025a60771d69a2ce3af01de0c53302508297cf9fef0fcacf253a5e96597,0x056fd86c5b8bde4a4f03552e281db86fc6c110a13a79b98b2011aa84bb0ec340,0x935b705b5943b0e1b859651d2ccf375bc96dfdd7000000000000000000000049,limit,buy,307800000,42,2025-04-16 19:41:37.778,canceled,2025-04-16 19:41:36.495
0xbd246d611ddb2f1ac6b7a18c9c94f5e4ea369e6fe634bd7fcf6386c549302e18,0x056fd86c5b8bde4a4f03552e281db86fc6c110a13a79b98b2011aa84bb0ec340,0x935b705b5943b0e1b859651d2ccf375bc96dfdd7000000000000000000000049,limit,sell,307960000,42,2025-04-16 19:41:37.778,canceled,2025-04-16 19:41:36.495
0x85af531a22ea70ad6465b717faed174b1ae58de16ce15b92b204c598b22560cb,0x056fd86c5b8bde4a4f03552e281db86fc6c110a13a79b98b2011aa84bb0ec340,0x935b705b5943b0e1b859651d2ccf375bc96dfdd7000000000000000000000049,limit,buy,307840000,42,2025-04-16 19:41:36.495,canceled,2025-04-16 19:41:27.882
0xaebc188f8dbc84f62abd924e24c8aeb99962317aef4768a8b55d4dfeeb81f868,0x056fd86c5b8bde4a4f03552e281db86fc6c110a13a79b98b2011aa84bb0ec340,0x935b705b5943b0e1b859651d2ccf375bc96dfdd7000000000000000000000049,limit,sell,308080000,42,2025-04-16 19:41:36.495,canceled,2025-04-16 19:41:27.882
0xbc7ae694081bcc070ba5bedf7274ae626312ef4c17c52e4d81f8eb5fb472839a,0x056fd86c5b8bde4a4f03552e281db86fc6c110a13a79b98b2011aa84bb0ec340,0x935b705b5943b0e1b859651d2ccf375bc96dfdd7000000000000000000000049,limit,buy,307850000,42,2025-04-16 19:41:27.882,canceled,2025-04-16 19:41:27.254
0xa8a1e30f9dbcf0fae06522560f9c34323f6e271c1aa46d3d49c7ff78e9dcd502,0x056fd86c5b8bde4a4f03552e281db86fc6c110a13a79b98b2011aa84bb0ec340,0x935b705b5943b0e1b859651d2ccf375bc96dfdd7000000000000000000000049,limit,sell,308110000,42,2025-04-16 19:41:27.882,canceled,2025-04-16 19:41:27.254
0x257fba85cfc36a77034e360b231ece39ce48b23fbc7430befcad1dfb25186237,0x056fd86c5b8bde4a4f03552e281db86fc6c110a13a79b98b2011aa84bb0ec340,0x935b705b5943b0e1b859651d2ccf375bc96dfdd7000000000000000000000049,limit,buy,307840000,42,2025-04-16 19:41:27.254,canceled,2025-04-16 19:41:25.922
0xe46f49ad3f1c01677d1020b6c945b5bd6db997fd2c803de735dfd6cc101a1d2d,0x056fd86c5b8bde4a4f03552e281db86fc6c110a13a79b98b2011aa84bb0ec340,0x935b705b5943b0e1b859651d2ccf375bc96dfdd7000000000000000000000049,limit,sell,308080000,42,2025-04-16 19:41:27.254,canceled,2025-04-16 19:41:25.922
0x735f94220d6cde05d178b5996294a5bb375b90a304653835766412957badb056,0x056fd86c5b8bde4a4f03552e281db86fc6c110a13a79b98b2011aa84bb0ec340,0x935b705b5943b0e1b859651d2ccf375bc96dfdd7000000000000000000000049,limit,buy,307900000,42,2025-04-16 19:41:25.922,canceled,2025-04-16 19:41:20.885
0x09360904affa7e8d96fbf13f199528b49f170b6814b9d62a5df8a0a35a845ecb,0x056fd86c5b8bde4a4f03552e281db86fc6c110a13a79b98b2011aa84bb0ec340,0x935b705b5943b0e1b859651d2ccf375bc96dfdd7000000000000000000000049,limit,sell,308170000,42,2025-04-16 19:41:25.922,canceled,2025-04-16 19:41:20.885
0x3217bb4ceaf2dbc1688a467cebe12b92762b787c879e750eae87327494f7fb57,0x056fd86c5b8bde4a4f03552e281db86fc6c110a13a79b98b2011aa84bb0ec340,0x935b705b5943b0e1b859651d2ccf375bc96dfdd7000000000000000000000049,limit,buy,307900000,42,2025-04-16 19:41:20.885,canceled,2025-04-16 19:41:20.188
0x87a870fcbf7a957fcf263ee9840c1a6e2e4fd54ee162b8cf9ed80120458698e6,0x056fd86c5b8bde4a4f03552e281db86fc6c110a13a79b98b2011aa84bb0ec340,0x935b705b5943b0e1b859651d2ccf375bc96dfdd7000000000000000000000049,limit,sell,308010000,42,2025-04-16 19:41:20.885,canceled,2025-04-16 19:41:20.188
0x9f871b72edac211ccd6c06809a1bd7364e2d71a33f8dded19efe57d394ca9eb4,0x056fd86c5b8bde4a4f03552e281db86fc6c110a13a79b98b2011aa84bb0ec340,0x935b705b5943b0e1b859651d2ccf375bc96dfdd7000000000000000000000049,limit,buy,307930000,42,2025-04-16 19:41:20.188,canceled,2025-04-16 19:41:19.511
0x90c3bb3e7d484a00a0bbf99684fc26c70f77041c196176a4240b2ea81f03043b,0x056fd86c5b8bde4a4f03552e281db86fc6c110a13a79b98b2011aa84bb0ec340,0x935b705b5943b0e1b859651d2ccf375bc96dfdd7000000000000000000000049,limit,sell,308030000,42,2025-04-16 19:41:20.188,canceled,2025-04-16 19:41:19.511
0xf32e6a816245baeb824f0fa06c3bdcacad739bf0890e28aec90bdb0c51cd04f8,0x056fd86c5b8bde4a4f03552e281db86fc6c110a13a79b98b2011aa84bb0ec340,0x935b705b5943b0e1b859651d2ccf375bc96dfdd7000000000000000000000049,limit,buy,307970000,42,2025-04-16 19:41:19.511,canceled,2025-04-16 19:40:47.772
0x71e106e1c6ab5ad8943f1ee1aa8798773b3589176a2222ff020b802240f9c1f1,0x056fd86c5b8bde4a4f03552e281db86fc6c110a13a79b98b2011aa84bb0ec340,0x935b705b5943b0e1b859651d2ccf375bc96dfdd7000000000000000000000049,limit,sell,308170000,42,2025-04-16 19:41:19.511,canceled,2025-04-16 19:40:47.772
0xc47e0ad24b287067af9fdabda8e937fe25486fa03cc6be1d2114e805b17fc7be,0x056fd86c5b8bde4a4f03552e281db86fc6c110a13a79b98b2011aa84bb0ec340,0x935b705b5943b0e1b859651d2ccf375bc96dfdd7000000000000000000000049,limit,buy,307880000,42,2025-04-16 19:40:47.772,canceled,2025-04-16 19:40:45.803
0x2d2674be301325419ae5fdc979c4fba93d86e142339a6a5ff3c31e55d82152c2,0x056fd86c5b8bde4a4f03552e281db86fc6c110a13a79b98b2011aa84bb0ec340,0x935b705b5943b0e1b859651d2ccf375bc96dfdd7000000000000000000000049,limit,sell,308110000,42,2025-04-16 19:40:47.772,canceled,2025-04-16 19:40:45.803
0x02b31cb89406b1a27db04009f383b4beeda38b9a2f093defc428f9058255d8c8,0x056fd86c5b8bde4a4f03552e281db86fc6c110a13a79b98b2011aa84bb0ec340,0x935b705b5943b0e1b859651d2ccf375bc96dfdd7000000000000000000000049,limit,buy,307770000,42,2025-04-16 19:40:45.803,canceled,2025-04-16 19:40:43.904
0xa9fea9cda60ed2320dbd662e69e0b11d4c8f09cee5a88ac9e14a6daa58b7c1ae,0x056fd86c5b8bde4a4f03552e281db86fc6c110a13a79b98b2011aa84bb0ec340,0x935b705b5943b0e1b859651d2ccf375bc96dfdd7000000000000000000000049,limit,sell,308060000,42,2025-04-16 19:40:45.803,canceled,2025-04-16 19:40:43.904
0x5cc2917a307ee8a9684d6403008af28485ea727c34e568fad75910b566836cfb,0x056fd86c5b8bde4a4f03552e281db86fc6c110a13a79b98b2011aa84bb0ec340,0x935b705b5943b0e1b859651d2ccf375bc96dfdd7000000000000000000000049,limit,buy,307770000,42,2025-04-16 19:40:43.904,canceled,2025-04-16 19:40:28.975
0x4c0e6c4bc97c67097aa7591c55405b669770b689bad84873f879a7da1e738ff9,0x056fd86c5b8bde4a4f03552e281db86fc6c110a13a79b98b2011aa84bb0ec340,0x935b705b5943b0e1b859651d2ccf375bc96dfdd7000000000000000000000049,limit,sell,307970000,42,2025-04-16 19:40:43.904,canceled,2025-04-16 19:40:28.975
0x94462524fb6e7551c704e1dd6a85cbdedecbaf550d0b94fdbf077990834a45c9,0x056fd86c5b8bde4a4f03552e281db86fc6c110a13a79b98b2011aa84bb0ec340,0x935b705b5943b0e1b859651d2ccf375bc96dfdd7000000000000000000000049,limit,buy,307790000,42,2025-04-16 19:40:28.975,canceled,2025-04-16 19:40:27.857
0x366a8c5a5c9cadbb338f09a5d99cf23a62a14419fbdf5999e91b13a5ef3ab0ea,0x056fd86c5b8bde4a4f03552e281db86fc6c110a13a79b98b2011aa84bb0ec340,0x935b705b5943b0e1b859651d2ccf375bc96dfdd7000000000000000000000049,limit,sell,308040000,42,2025-04-16 19:40:28.975,canceled,2025-04-16 19:40:27.857
0xffafa4adcd1d92e2f53f8fa4ca804ef95f8dd37e5f7965011424df2cb56dd167,0x056fd86c5b8bde4a4f03552e281db86fc6c110a13a79b98b2011aa84bb0ec340,0x935b705b5943b0e1b859651d2ccf375bc96dfdd7000000000000000000000049,limit,buy,307830000,42,2025-04-16 19:40:27.857,canceled,2025-04-16 19:40:03.243
0xec01a4bd05ddc7ae51351d9920fa611e296f0b466b42009af06d8c05c1084e30,0x056fd86c5b8bde4a4f03552e281db86fc6c110a13a79b98b2011aa84bb0ec340,0x935b705b5943b0e1b859651d2ccf375bc96dfdd7000000000000000000000049,limit,sell,308050000,42,2025-04-16 19:40:27.857,canceled,2025-04-16 19:40:03.243
0xde522e29430d402c97682d08a41b8842c0f5d65a51413904998165babf058adc,0x056fd86c5b8bde4a4f03552e281db86fc6c110a13a79b98b2011aa84bb0ec340,0x935b705b5943b0e1b859651d2ccf375bc96dfdd7000000000000000000000049,limit,buy,307790000,42,2025-04-16 19:40:03.243,canceled,2025-04-16 19:39:58.109
0xd678bb8932eff1ceb1fc362936402ec78b887b98079f6fde486d74f0e98d0f81,0x056fd86c5b8bde4a4f03552e281db86fc6c110a13a79b98b2011aa84bb0ec340,0x935b705b5943b0e1b859651d2ccf375bc96dfdd7000000000000000000000049,limit,sell,307980000,42,2025-04-16 19:40:03.243,canceled,2025-04-16 19:39:58.109
0x35b34f605ae33b5695dff8fc708ed394de83043838356ca9ed9a035717ab9124,0x056fd86c5b8bde4a4f03552e281db86fc6c110a13a79b98b2011aa84bb0ec340,0x935b705b5943b0e1b859651d2ccf375bc96dfdd7000000000000000000000049,limit,buy,307750000,42,2025-04-16 19:39:58.109,canceled,2025-04-16 19:39:48.165
0x40fc62ed60dc5b76b90dd4b43f3f63db384cc9880b779de7f4c697dc27b8cbcc,0x056fd86c5b8bde4a4f03552e281db86fc6c110a13a79b98b2011aa84bb0ec340,0x935b705b5943b0e1b859651d2ccf375bc96dfdd7000000000000000000000049,limit,sell,307970000,42,2025-04-16 19:39:58.109,canceled,2025-04-16 19:39:48.165
0x486f1796d5afb1b5dfd02a687b41a13cd4e38fbdbdc221e986619d148b81e642,0x056fd86c5b8bde4a4f03552e281db86fc6c110a13a79b98b2011aa84bb0ec340,0x935b705b5943b0e1b859651d2ccf375bc96dfdd7000000000000000000000049,limit,buy,307740000,42,2025-04-16 19:39:48.165,canceled,2025-04-16 19:39:47.513
0x4b6f688b8ba0123fdbe588e693b8ca6efe2e1271f970c2860c3d5652ca275c12,0x056fd86c5b8bde4a4f03552e281db86fc6c110a13a79b98b2011aa84bb0ec340,0x935b705b5943b0e1b859651d2ccf375bc96dfdd7000000000000000000000049,limit,sell,307930000,42,2025-04-16 19:39:48.165,canceled,2025-04-16 19:39:47.513
0xb789224ee08a215b3d21ff08f077f616085766ca3d096c2eb3accbc8ff1f8eeb,0x056fd86c5b8bde4a4f03552e281db86fc6c110a13a79b98b2011aa84bb0ec340,0x935b705b5943b0e1b859651d2ccf375bc96dfdd7000000000000000000000049,limit,buy,307740000,42,2025-04-16 19:39:47.513,canceled,2025-04-16 19:39:46.896
0x97dc4b8aea3edea70633b605d4b29b4b5a09bb7efe4ac3bcc8cbc8664ef44d09,0x056fd86c5b8bde4a4f03552e281db86fc6c110a13a79b98b2011aa84bb0ec340,0x935b705b5943b0e1b859651d2ccf375bc96dfdd7000000000000000000000049,limit,sell,307910000,42,2025-04-16 19:39:47.513,canceled,2025-04-16 19:39:46.896
