orderHash,marketId,subaccountId,executionType,orderType,price,quantity,updated_at,state,created_at
0x64a25f939f1f802d186cdb3b991379c430d765d58ad51346385c2f53fa2bbdd9,0x329e14c73ef0712dd1359d56476f3dd9c1c032f9c755556e5bd0cb536fb479d3,0x935b705b5943b0e1b859651d2ccf375bc96dfdd700000000000000000000004c,limit,buy,174780000,7.796,2025-04-17 08:32:21.254,filled,2025-04-17 08:32:21.254
0x19a769f5c54ae1b131cfd35891440611daa8c31b4545f981e6a8c1b47c67eff9,0x329e14c73ef0712dd1359d56476f3dd9c1c032f9c755556e5bd0cb536fb479d3,0x935b705b5943b0e1b859651d2ccf375bc96dfdd700000000000000000000004c,limit,sell,171010000,8.159,2025-04-17 07:33:53.338,filled,2025-04-17 07:33:53.338
0x181934ed5df48602422fd5418c04f033b2da8c9903ef15df252d95cdc2ce7bad,0x329e14c73ef0712dd1359d56476f3dd9c1c032f9c755556e5bd0cb536fb479d3,0x935b705b5943b0e1b859651d2ccf375bc96dfdd700000000000000000000004c,limit,buy,171190000,150,2025-04-16 20:00:58.323,canceled,2025-04-16 20:00:47.038
0x6197637d7401b93531ada69d245fb091aa10821d44215e7a271d82a6137de619,0x329e14c73ef0712dd1359d56476f3dd9c1c032f9c755556e5bd0cb536fb479d3,0x935b705b5943b0e1b859651d2ccf375bc96dfdd700000000000000000000004c,limit,sell,172340000,150,2025-04-16 20:00:58.323,canceled,2025-04-16 20:00:47.038
0x7d16f4b737173e3cce4bd134d996ba42ff373f8d6cb3ae2f44ff4756dfbef81c,0x329e14c73ef0712dd1359d56476f3dd9c1c032f9c755556e5bd0cb536fb479d3,0x935b705b5943b0e1b859651d2ccf375bc96dfdd700000000000000000000004c,limit,buy,171390000,150,2025-04-16 20:00:47.038,canceled,2025-04-16 20:00:43.424
0xf7f3a22f9d7276318064aa2e96bd0fe0801234cdd8c6242e52b420312cd4955d,0x329e14c73ef0712dd1359d56476f3dd9c1c032f9c755556e5bd0cb536fb479d3,0x935b705b5943b0e1b859651d2ccf375bc96dfdd700000000000000000000004c,limit,sell,172340000,150,2025-04-16 20:00:47.038,canceled,2025-04-16 20:00:43.424
0xf98367fa92c7ab07f133d2f80bdbb822d8340aeb4e912ef9a7573f581441b498,0x329e14c73ef0712dd1359d56476f3dd9c1c032f9c755556e5bd0cb536fb479d3,0x935b705b5943b0e1b859651d2ccf375bc96dfdd700000000000000000000004c,limit,buy,172030000,150,2025-04-16 20:00:43.424,canceled,2025-04-16 20:00:40.777
0x5668fbf0d332bfe376387b89e33b5fc9f2d3a6e903adc0feae2e1e99d6f364d9,0x329e14c73ef0712dd1359d56476f3dd9c1c032f9c755556e5bd0cb536fb479d3,0x935b705b5943b0e1b859651d2ccf375bc96dfdd700000000000000000000004c,limit,sell,172500000,150,2025-04-16 20:00:43.424,canceled,2025-04-16 20:00:40.777
0x204b33c36d941c19b9f5baded44552036e3d597a03dd84818bc6246db9d72825,0x329e14c73ef0712dd1359d56476f3dd9c1c032f9c755556e5bd0cb536fb479d3,0x935b705b5943b0e1b859651d2ccf375bc96dfdd700000000000000000000004c,limit,buy,172030000,150,2025-04-16 20:00:40.777,canceled,2025-04-16 20:00:04.765
0xe05ba037ad905970b716391454d5ccb21bcdcc9a1b313281da41046752bcd109,0x329e14c73ef0712dd1359d56476f3dd9c1c032f9c755556e5bd0cb536fb479d3,0x935b705b5943b0e1b859651d2ccf375bc96dfdd700000000000000000000004c,limit,sell,172690000,150,2025-04-16 20:00:40.777,canceled,2025-04-16 20:00:04.765
0x882fbe3b42a6b9ef18b941f998c7b76919b54d7cce13c624bb51f561a13c6485,0x329e14c73ef0712dd1359d56476f3dd9c1c032f9c755556e5bd0cb536fb479d3,0x935b705b5943b0e1b859651d2ccf375bc96dfdd700000000000000000000004c,limit,buy,172030000,150,2025-04-16 20:00:04.765,canceled,2025-04-16 20:00:01.378
0x93cc4fdf9144715b130d8cad7df9d749edfc08f978b25bdbdfeb812b212eb51b,0x329e14c73ef0712dd1359d56476f3dd9c1c032f9c755556e5bd0cb536fb479d3,0x935b705b5943b0e1b859651d2ccf375bc96dfdd700000000000000000000004c,limit,sell,172590000,150,2025-04-16 20:00:04.765,canceled,2025-04-16 20:00:01.378
0x0c8f46635548a1f3c7e1b0f830899b367d3e5f873c1b327c0f4d432e585bc6fb,0x329e14c73ef0712dd1359d56476f3dd9c1c032f9c755556e5bd0cb536fb479d3,0x935b705b5943b0e1b859651d2ccf375bc96dfdd700000000000000000000004c,limit,buy,172180000,150,2025-04-16 20:00:01.378,canceled,2025-04-16 20:00:00.715
0x9438f5f30fca3b554212ff0eef8a05dba7564b8b39a0463c7b4848bf34ffce40,0x329e14c73ef0712dd1359d56476f3dd9c1c032f9c755556e5bd0cb536fb479d3,0x935b705b5943b0e1b859651d2ccf375bc96dfdd700000000000000000000004c,limit,sell,172590000,150,2025-04-16 20:00:01.378,canceled,2025-04-16 20:00:00.715
0xe1e0edc0613bf246cda29f7a545e71352dacbf5d5821fc90c422012ad8db212e,0x329e14c73ef0712dd1359d56476f3dd9c1c032f9c755556e5bd0cb536fb479d3,0x935b705b5943b0e1b859651d2ccf375bc96dfdd700000000000000000000004c,limit,buy,172180000,150,2025-04-16 20:00:00.715,canceled,2025-04-16 19:59:59.454
0x343433a4f2e71495850eac88ef30b011c8f83a8ae36b72607f618bdf3f5c361f,0x329e14c73ef0712dd1359d56476f3dd9c1c032f9c755556e5bd0cb536fb479d3,0x935b705b5943b0e1b859651d2ccf375bc96dfdd700000000000000000000004c,limit,sell,172490000,150,2025-04-16 20:00:00.715,canceled,2025-04-16 19:59:59.454
0xcd15fc9c5288c4ba4e5a4c330d42116378979d51f31e88441bb030cb593b65d7,0x329e14c73ef0712dd1359d56476f3dd9c1c032f9c755556e5bd0cb536fb479d3,0x935b705b5943b0e1b859651d2ccf375bc96dfdd700000000000000000000004c,limit,buy,172190000,150,2025-04-16 19:59:59.454,canceled,2025-04-16 19:59:58.804
0x9844a8b395c7715784f704ecd4acdafe240af5a09a3252caae7af0ddef52f5a0,0x329e14c73ef0712dd1359d56476f3dd9c1c032f9c755556e5bd0cb536fb479d3,0x935b705b5943b0e1b859651d2ccf375bc96dfdd700000000000000000000004c,limit,sell,172480000,150,2025-04-16 19:59:59.454,canceled,2025-04-16 19:59:58.804
0xf4714d33b6d79c14b00257044ef2571a4f4b493273af0a51886326e97d8afcd4,0x329e14c73ef0712dd1359d56476f3dd9c1c032f9c755556e5bd0cb536fb479d3,0x935b705b5943b0e1b859651d2ccf375bc96dfdd700000000000000000000004c,limit,buy,172170000,150,2025-04-16 19:59:58.804,canceled,2025-04-16 19:59:58.177
0xc768163ca1116252c1fc1780dabe1909fb27a6c99a984fb5d17aadc4cdc54319,0x329e14c73ef0712dd1359d56476f3dd9c1c032f9c755556e5bd0cb536fb479d3,0x935b705b5943b0e1b859651d2ccf375bc96dfdd700000000000000000000004c,limit,sell,172440000,150,2025-04-16 19:59:58.804,canceled,2025-04-16 19:59:58.177
0x54be10aa861e78cd71623e4a21710fb572725bf1d4066eb65fb0595dff78e757,0x329e14c73ef0712dd1359d56476f3dd9c1c032f9c755556e5bd0cb536fb479d3,0x935b705b5943b0e1b859651d2ccf375bc96dfdd700000000000000000000004c,limit,buy,172120000,150,2025-04-16 19:59:58.177,canceled,2025-04-16 19:59:56.897
0xdc84d969646448c33c5784d07e3fdace21d5d384cc55d019a284583581a112bc,0x329e14c73ef0712dd1359d56476f3dd9c1c032f9c755556e5bd0cb536fb479d3,0x935b705b5943b0e1b859651d2ccf375bc96dfdd700000000000000000000004c,limit,sell,172410000,150,2025-04-16 19:59:58.177,canceled,2025-04-16 19:59:56.897
0x2604e18c46f553eb108fe15646b8442881ffd8329070a520630a57629ca205fd,0x329e14c73ef0712dd1359d56476f3dd9c1c032f9c755556e5bd0cb536fb479d3,0x935b705b5943b0e1b859651d2ccf375bc96dfdd700000000000000000000004c,limit,buy,172120000,150,2025-04-16 19:59:56.897,canceled,2025-04-16 19:59:56.239
0x1f127e519647ea832d25284fd085ca3f60e463f91104149653d7812e34561315,0x329e14c73ef0712dd1359d56476f3dd9c1c032f9c755556e5bd0cb536fb479d3,0x935b705b5943b0e1b859651d2ccf375bc96dfdd700000000000000000000004c,limit,sell,172390000,150,2025-04-16 19:59:56.897,canceled,2025-04-16 19:59:56.239
0x69e16cb1042cecb112245e57d7821ea5442592227806668dca1a2a43e74c6b86,0x329e14c73ef0712dd1359d56476f3dd9c1c032f9c755556e5bd0cb536fb479d3,0x935b705b5943b0e1b859651d2ccf375bc96dfdd700000000000000000000004c,limit,buy,172110000,150,2025-04-16 19:59:56.239,canceled,2025-04-16 19:59:53.638
0xd43d292a24ba0ae5bc7cc97a4082ec6f09470b543fad748e69a6d793950528a5,0x329e14c73ef0712dd1359d56476f3dd9c1c032f9c755556e5bd0cb536fb479d3,0x935b705b5943b0e1b859651d2ccf375bc96dfdd700000000000000000000004c,limit,sell,172340000,150,2025-04-16 19:59:56.239,canceled,2025-04-16 19:59:53.638
0x3c2f92934673f3231205db586f588b7809af58407c844ce3fa4d2f2d9f373029,0x329e14c73ef0712dd1359d56476f3dd9c1c032f9c755556e5bd0cb536fb479d3,0x935b705b5943b0e1b859651d2ccf375bc96dfdd700000000000000000000004c,limit,buy,172020000,150,2025-04-16 19:59:53.638,canceled,2025-04-16 19:59:49.159
0xd6b51220cfba33b6b17a780d2f21f1884f5e9496940d7a6b345f98079e474af9,0x329e14c73ef0712dd1359d56476f3dd9c1c032f9c755556e5bd0cb536fb479d3,0x935b705b5943b0e1b859651d2ccf375bc96dfdd700000000000000000000004c,limit,sell,172330000,150,2025-04-16 19:59:53.638,canceled,2025-04-16 19:59:49.159
0x47a974c1c39aede1afe23e675d0de20bcb499a4263059723b5365d405f231fd8,0x329e14c73ef0712dd1359d56476f3dd9c1c032f9c755556e5bd0cb536fb479d3,0x935b705b5943b0e1b859651d2ccf375bc96dfdd700000000000000000000004c,limit,buy,172000000,150,2025-04-16 19:59:49.159,canceled,2025-04-16 19:59:46.100
0x62959947d7a3e3c676766a53731153de57277735894cbfa9c8b1b2c805f39ef7,0x329e14c73ef0712dd1359d56476f3dd9c1c032f9c755556e5bd0cb536fb479d3,0x935b705b5943b0e1b859651d2ccf375bc96dfdd700000000000000000000004c,limit,sell,172300000,150,2025-04-16 19:59:49.159,canceled,2025-04-16 19:59:46.100
0xa5bd9f8aa28fa24c1ff87482ad30c1c9ba6f491d11c5c40464cdc78398038313,0x329e14c73ef0712dd1359d56476f3dd9c1c032f9c755556e5bd0cb536fb479d3,0x935b705b5943b0e1b859651d2ccf375bc96dfdd700000000000000000000004c,limit,buy,171950000,150,2025-04-16 19:59:46.100,canceled,2025-04-16 19:59:45.456
0x407fcd3fc7eea262e04283838a3c27980eddbe7caf85f00064dd885eecf8d392,0x329e14c73ef0712dd1359d56476f3dd9c1c032f9c755556e5bd0cb536fb479d3,0x935b705b5943b0e1b859651d2ccf375bc96dfdd700000000000000000000004c,limit,sell,172280000,150,2025-04-16 19:59:46.100,canceled,2025-04-16 19:59:45.456
0xb3d119ee5cf48ca64520708faef803d722fc8548173733a8f9a78cebaa83e6d2,0x329e14c73ef0712dd1359d56476f3dd9c1c032f9c755556e5bd0cb536fb479d3,0x935b705b5943b0e1b859651d2ccf375bc96dfdd700000000000000000000004c,limit,buy,171950000,150,2025-04-16 19:59:45.456,canceled,2025-04-16 19:59:44.829
0x9e4776fcd1763218dacdc030670fc734909e5a87f1def3483952d13984691c2e,0x329e14c73ef0712dd1359d56476f3dd9c1c032f9c755556e5bd0cb536fb479d3,0x935b705b5943b0e1b859651d2ccf375bc96dfdd700000000000000000000004c,limit,sell,172270000,150,2025-04-16 19:59:45.456,canceled,2025-04-16 19:59:44.829
0xb526fd01fdd8d487a6d648f0d36b04b5b8cb97b75643972097b02dc02c8ba2b9,0x329e14c73ef0712dd1359d56476f3dd9c1c032f9c755556e5bd0cb536fb479d3,0x935b705b5943b0e1b859651d2ccf375bc96dfdd700000000000000000000004c,limit,buy,172040000,150,2025-04-16 19:59:44.829,canceled,2025-04-16 19:59:44.172
0x047c1a6009a2d2c0b18311980353318f5817ed808e045895b32ffceff2461730,0x329e14c73ef0712dd1359d56476f3dd9c1c032f9c755556e5bd0cb536fb479d3,0x935b705b5943b0e1b859651d2ccf375bc96dfdd700000000000000000000004c,limit,sell,172320000,150,2025-04-16 19:59:44.829,canceled,2025-04-16 19:59:44.172
0x4a4f36ac4c4ce6cfc9ec56bef0eb2629fdc8315f7812ad16e2a830566d785cdf,0x329e14c73ef0712dd1359d56476f3dd9c1c032f9c755556e5bd0cb536fb479d3,0x935b705b5943b0e1b859651d2ccf375bc96dfdd700000000000000000000004c,limit,buy,172060000,150,2025-04-16 19:59:44.172,canceled,2025-04-16 19:59:43.491
0x60c417ed4e6e35cfc8237c24f1d04e777153dcb12ed2163e9e16d3dd1e6626f7,0x329e14c73ef0712dd1359d56476f3dd9c1c032f9c755556e5bd0cb536fb479d3,0x935b705b5943b0e1b859651d2ccf375bc96dfdd700000000000000000000004c,limit,sell,172320000,150,2025-04-16 19:59:44.172,canceled,2025-04-16 19:59:43.491
0xb767025a749994341fef084359e4079a652874947176105c85ea92afbcb205ee,0x329e14c73ef0712dd1359d56476f3dd9c1c032f9c755556e5bd0cb536fb479d3,0x935b705b5943b0e1b859651d2ccf375bc96dfdd700000000000000000000004c,limit,buy,172040000,150,2025-04-16 19:59:43.491,canceled,2025-04-16 19:59:40.079
0xf29ab0e802f27db824353ca8d11c20d1d6a03d2feed9bc6a942e02dec4cd3314,0x329e14c73ef0712dd1359d56476f3dd9c1c032f9c755556e5bd0cb536fb479d3,0x935b705b5943b0e1b859651d2ccf375bc96dfdd700000000000000000000004c,limit,sell,172300000,150,2025-04-16 19:59:43.491,canceled,2025-04-16 19:59:40.079
0xeee64a0df10e5635a6db33c11d7a1936566e4a9abab86933d2f6d3e8ac999c2c,0x329e14c73ef0712dd1359d56476f3dd9c1c032f9c755556e5bd0cb536fb479d3,0x935b705b5943b0e1b859651d2ccf375bc96dfdd700000000000000000000004c,limit,buy,172000000,150,2025-04-16 19:59:40.079,canceled,2025-04-16 19:59:37.971
0xa029c35d9f7a960c359eea6b7a49c392181e12fcad76349e34228f12a7f5eb9d,0x329e14c73ef0712dd1359d56476f3dd9c1c032f9c755556e5bd0cb536fb479d3,0x935b705b5943b0e1b859651d2ccf375bc96dfdd700000000000000000000004c,limit,sell,172270000,150,2025-04-16 19:59:40.079,canceled,2025-04-16 19:59:37.971
0xcb918870d85521086ebb7002e1d09acfc466aa2b3be7a6345c98f302ae237a48,0x329e14c73ef0712dd1359d56476f3dd9c1c032f9c755556e5bd0cb536fb479d3,0x935b705b5943b0e1b859651d2ccf375bc96dfdd700000000000000000000004c,limit,buy,171960000,150,2025-04-16 19:59:37.971,canceled,2025-04-16 19:59:35.187
0x301e5d8171968bc0105695c218a8bdec0b2c2f389538f2074f2f5e87d31c658f,0x329e14c73ef0712dd1359d56476f3dd9c1c032f9c755556e5bd0cb536fb479d3,0x935b705b5943b0e1b859651d2ccf375bc96dfdd700000000000000000000004c,limit,sell,172200000,150,2025-04-16 19:59:37.971,canceled,2025-04-16 19:59:35.187
0xd06ee612f47cf1394669e25dbf055716eeb37acf2552b7e99ed58c6670899f89,0x329e14c73ef0712dd1359d56476f3dd9c1c032f9c755556e5bd0cb536fb479d3,0x935b705b5943b0e1b859651d2ccf375bc96dfdd700000000000000000000004c,limit,buy,172040000,150,2025-04-16 19:59:35.187,canceled,2025-04-16 19:59:34.548
0x5865bd87e7cdcebfdd6ee48d86b14507846d1de48e1cae0a6066973eb2ad7e23,0x329e14c73ef0712dd1359d56476f3dd9c1c032f9c755556e5bd0cb536fb479d3,0x935b705b5943b0e1b859651d2ccf375bc96dfdd700000000000000000000004c,limit,sell,172260000,150,2025-04-16 19:59:35.187,canceled,2025-04-16 19:59:34.548
0xd1cd538220b087aa209ced8bde3daf0908946f5cf55d99992384119262372222,0x329e14c73ef0712dd1359d56476f3dd9c1c032f9c755556e5bd0cb536fb479d3,0x935b705b5943b0e1b859651d2ccf375bc96dfdd700000000000000000000004c,limit,buy,172060000,150,2025-04-16 19:59:34.548,canceled,2025-04-16 19:59:33.909
0x18006f8a2b57960141f3ccc87ad231d6fa53a6e1caf0613f46557fbe736f68e5,0x329e14c73ef0712dd1359d56476f3dd9c1c032f9c755556e5bd0cb536fb479d3,0x935b705b5943b0e1b859651d2ccf375bc96dfdd700000000000000000000004c,limit,sell,172290000,150,2025-04-16 19:59:34.548,canceled,2025-04-16 19:59:33.909
0x03c8aca0232ef30e88db21e02fe3fbca04680bad9cf3d404669c03e6b47861d9,0x329e14c73ef0712dd1359d56476f3dd9c1c032f9c755556e5bd0cb536fb479d3,0x935b705b5943b0e1b859651d2ccf375bc96dfdd700000000000000000000004c,limit,buy,172040000,150,2025-04-16 19:59:33.909,canceled,2025-04-16 19:59:33.267
0xca2168c3d999b03581851d444ba2d6e25931e3b0d6ad7f606a31fe948c241267,0x329e14c73ef0712dd1359d56476f3dd9c1c032f9c755556e5bd0cb536fb479d3,0x935b705b5943b0e1b859651d2ccf375bc96dfdd700000000000000000000004c,limit,sell,172270000,150,2025-04-16 19:59:33.909,canceled,2025-04-16 19:59:33.267
0x8253986e54c0e19ca2dec5422a0855ef6325aafcfb7687301f97702856b16298,0x329e14c73ef0712dd1359d56476f3dd9c1c032f9c755556e5bd0cb536fb479d3,0x935b705b5943b0e1b859651d2ccf375bc96dfdd700000000000000000000004c,limit,buy,172000000,150,2025-04-16 19:59:33.267,canceled,2025-04-16 19:59:32.636
0x07230faaadf77c019d83878c858d23bd19755401cd7fba1300718eaacec771e1,0x329e14c73ef0712dd1359d56476f3dd9c1c032f9c755556e5bd0cb536fb479d3,0x935b705b5943b0e1b859651d2ccf375bc96dfdd700000000000000000000004c,limit,sell,172250000,150,2025-04-16 19:59:33.267,canceled,2025-04-16 19:59:32.636
0x1ed5061f7ca089a12f51c26a0f1fb9e273c112a62dd2233cd86daab75b2f3ebe,0x329e14c73ef0712dd1359d56476f3dd9c1c032f9c755556e5bd0cb536fb479d3,0x935b705b5943b0e1b859651d2ccf375bc96dfdd700000000000000000000004c,limit,buy,172020000,150,2025-04-16 19:59:32.636,canceled,2025-04-16 19:59:23.187
0xa8fc3e97f4a6e7248ee8e7c80b63faeb2798ed4acad52b4765711fef147aecfb,0x329e14c73ef0712dd1359d56476f3dd9c1c032f9c755556e5bd0cb536fb479d3,0x935b705b5943b0e1b859651d2ccf375bc96dfdd700000000000000000000004c,limit,sell,172290000,150,2025-04-16 19:59:32.636,canceled,2025-04-16 19:59:23.187
0x5d872ce4bc076861391c932211b3146ee126ba0370a51584168f6e54ac673b0f,0x329e14c73ef0712dd1359d56476f3dd9c1c032f9c755556e5bd0cb536fb479d3,0x935b705b5943b0e1b859651d2ccf375bc96dfdd700000000000000000000004c,limit,buy,172050000,150,2025-04-16 19:59:23.187,canceled,2025-04-16 19:59:22.509
0xb675d9846f78a6401444006f419e0edb4e1209133d697837aea800a66d75a993,0x329e14c73ef0712dd1359d56476f3dd9c1c032f9c755556e5bd0cb536fb479d3,0x935b705b5943b0e1b859651d2ccf375bc96dfdd700000000000000000000004c,limit,sell,172290000,150,2025-04-16 19:59:23.187,canceled,2025-04-16 19:59:22.509
0x08a11842e5d1799dfe7ac56b54f169b0c6ef993eb0affeeaa7a0aa5068dcdbb0,0x329e14c73ef0712dd1359d56476f3dd9c1c032f9c755556e5bd0cb536fb479d3,0x935b705b5943b0e1b859651d2ccf375bc96dfdd700000000000000000000004c,limit,buy,172060000,150,2025-04-16 19:59:22.509,canceled,2025-04-16 19:59:21.875
0x4be803505ad947bc08fb1527546c5c20b9133ff33a8840d24d3e591d095292a4,0x329e14c73ef0712dd1359d56476f3dd9c1c032f9c755556e5bd0cb536fb479d3,0x935b705b5943b0e1b859651d2ccf375bc96dfdd700000000000000000000004c,limit,sell,172310000,150,2025-04-16 19:59:22.509,canceled,2025-04-16 19:59:21.875
0xb3c5c6c83bc547e578be9b0b7e55c74b8b9db47734a03c7e96bcf0e365b693e3,0x329e14c73ef0712dd1359d56476f3dd9c1c032f9c755556e5bd0cb536fb479d3,0x935b705b5943b0e1b859651d2ccf375bc96dfdd700000000000000000000004c,limit,buy,172090000,150,2025-04-16 19:59:21.875,canceled,2025-04-16 19:59:21.253
0x8a2207791dd2eb76428d4b29fa662d343284c6e3ec5d10634286a606e1c6a2b0,0x329e14c73ef0712dd1359d56476f3dd9c1c032f9c755556e5bd0cb536fb479d3,0x935b705b5943b0e1b859651d2ccf375bc96dfdd700000000000000000000004c,limit,sell,172350000,150,2025-04-16 19:59:21.875,canceled,2025-04-16 19:59:21.253
0x5fbd6a4a27a4c434fd0d978cceada78b1ab7f568346c26d394e984db5523fca3,0x329e14c73ef0712dd1359d56476f3dd9c1c032f9c755556e5bd0cb536fb479d3,0x935b705b5943b0e1b859651d2ccf375bc96dfdd700000000000000000000004c,limit,buy,172050000,150,2025-04-16 19:59:21.253,canceled,2025-04-16 19:59:20.576
0x216b53e38c145d4433cd14ef1fb1d41f9ff35d6bee57127aec83f1348dffa592,0x329e14c73ef0712dd1359d56476f3dd9c1c032f9c755556e5bd0cb536fb479d3,0x935b705b5943b0e1b859651d2ccf375bc96dfdd700000000000000000000004c,limit,sell,172280000,150,2025-04-16 19:59:21.253,canceled,2025-04-16 19:59:20.576
0x24602893f02f62c375baab605c2fe9b15610ddea188d1f5d32e0bc00eb0afd5b,0x329e14c73ef0712dd1359d56476f3dd9c1c032f9c755556e5bd0cb536fb479d3,0x935b705b5943b0e1b859651d2ccf375bc96dfdd700000000000000000000004c,limit,buy,171960000,150,2025-04-16 19:59:20.576,canceled,2025-04-16 19:59:17.151
0x285c207beffa9dc40ba9f443eea0ac582e395c05aa967469bc426e191fffdd59,0x329e14c73ef0712dd1359d56476f3dd9c1c032f9c755556e5bd0cb536fb479d3,0x935b705b5943b0e1b859651d2ccf375bc96dfdd700000000000000000000004c,limit,sell,172250000,150,2025-04-16 19:59:20.576,canceled,2025-04-16 19:59:17.151
0x6f4e95fd3a96b421a94756e9dc267c208ae57e5acbdd9955cf65a920ea24313d,0x329e14c73ef0712dd1359d56476f3dd9c1c032f9c755556e5bd0cb536fb479d3,0x935b705b5943b0e1b859651d2ccf375bc96dfdd700000000000000000000004c,limit,buy,171980000,150,2025-04-16 19:59:17.151,canceled,2025-04-16 19:59:15.674
0x8b9a39acc31d51f594fd10eaa2eebabc21f1a470044031968be19fc2e933e599,0x329e14c73ef0712dd1359d56476f3dd9c1c032f9c755556e5bd0cb536fb479d3,0x935b705b5943b0e1b859651d2ccf375bc96dfdd700000000000000000000004c,limit,sell,172210000,150,2025-04-16 19:59:17.151,canceled,2025-04-16 19:59:15.674
0x6eb733eed07f83d39d681ad00c4124de043f3340f2ec047a1a9cf79b45193353,0x329e14c73ef0712dd1359d56476f3dd9c1c032f9c755556e5bd0cb536fb479d3,0x935b705b5943b0e1b859651d2ccf375bc96dfdd700000000000000000000004c,limit,buy,171970000,150,2025-04-16 19:59:15.674,canceled,2025-04-16 19:59:14.400
0xfcd0e0d6e4ba3cb4a2eca020fbe4dcc9c69dfe52bf560847f6dc103efc45b62c,0x329e14c73ef0712dd1359d56476f3dd9c1c032f9c755556e5bd0cb536fb479d3,0x935b705b5943b0e1b859651d2ccf375bc96dfdd700000000000000000000004c,limit,sell,172200000,150,2025-04-16 19:59:15.674,canceled,2025-04-16 19:59:14.400
0x9f22ed2295e26d5686ea82a1c2a82b5b681273e668db9047e5012a7164a2ee3d,0x329e14c73ef0712dd1359d56476f3dd9c1c032f9c755556e5bd0cb536fb479d3,0x935b705b5943b0e1b859651d2ccf375bc96dfdd700000000000000000000004c,limit,buy,171920000,150,2025-04-16 19:59:14.400,canceled,2025-04-16 19:59:13.760
0x3bd251f8ff6a5ecab7aafc4e34e612bda0f4cf11088691c52d3e02ff828611ff,0x329e14c73ef0712dd1359d56476f3dd9c1c032f9c755556e5bd0cb536fb479d3,0x935b705b5943b0e1b859651d2ccf375bc96dfdd700000000000000000000004c,limit,sell,172170000,150,2025-04-16 19:59:14.400,canceled,2025-04-16 19:59:13.760
0x0ef158d670a11574569bd009091d9466e45e63140946ffd1968d752f42fad91e,0x329e14c73ef0712dd1359d56476f3dd9c1c032f9c755556e5bd0cb536fb479d3,0x935b705b5943b0e1b859651d2ccf375bc96dfdd700000000000000000000004c,limit,buy,171820000,150,2025-04-16 19:59:13.760,canceled,2025-04-16 19:59:11.762
0x2684a3d29a7b9a0b07b1c91a7f1afdf8f8bf13f43e8dc1175bd886c5a7464622,0x329e14c73ef0712dd1359d56476f3dd9c1c032f9c755556e5bd0cb536fb479d3,0x935b705b5943b0e1b859651d2ccf375bc96dfdd700000000000000000000004c,limit,sell,172140000,150,2025-04-16 19:59:13.760,canceled,2025-04-16 19:59:11.762
0x5a52411f405876db18e508caa3924bbb0bef5c7435cf8bfb8a9cc09acd4953c7,0x329e14c73ef0712dd1359d56476f3dd9c1c032f9c755556e5bd0cb536fb479d3,0x935b705b5943b0e1b859651d2ccf375bc96dfdd700000000000000000000004c,limit,buy,171820000,150,2025-04-16 19:59:11.762,canceled,2025-04-16 19:59:07.438
0x2a832a8752e7113260f2d05d056ef72aad560b1dde79e3ba24577c91505e7417,0x329e14c73ef0712dd1359d56476f3dd9c1c032f9c755556e5bd0cb536fb479d3,0x935b705b5943b0e1b859651d2ccf375bc96dfdd700000000000000000000004c,limit,sell,172130000,150,2025-04-16 19:59:11.762,canceled,2025-04-16 19:59:07.438
0x770b72f094e63d4dfec326f043e55746ab23201b747c9b2a638250fa240b113d,0x329e14c73ef0712dd1359d56476f3dd9c1c032f9c755556e5bd0cb536fb479d3,0x935b705b5943b0e1b859651d2ccf375bc96dfdd700000000000000000000004c,limit,buy,171770000,150,2025-04-16 19:59:07.438,canceled,2025-04-16 19:59:02.564
0x7ae7b9d13be6a0fe43ba5ae15a262db9c58437a4f2ffc53328e91419acd32ba1,0x329e14c73ef0712dd1359d56476f3dd9c1c032f9c755556e5bd0cb536fb479d3,0x935b705b5943b0e1b859651d2ccf375bc96dfdd700000000000000000000004c,limit,sell,172120000,150,2025-04-16 19:59:07.438,canceled,2025-04-16 19:59:02.564
0xdec68897ba49ac5fd59dcfe6db6d5dc3f1ab735c66108c3f780e5029e1fa4670,0x329e14c73ef0712dd1359d56476f3dd9c1c032f9c755556e5bd0cb536fb479d3,0x935b705b5943b0e1b859651d2ccf375bc96dfdd700000000000000000000004c,limit,buy,171780000,150,2025-04-16 19:59:02.564,canceled,2025-04-16 19:59:00.513
0x9b4a8e435eed6ba8203c6ce8cef845e327ba9bdf6b645b3e910d3e3c088e9921,0x329e14c73ef0712dd1359d56476f3dd9c1c032f9c755556e5bd0cb536fb479d3,0x935b705b5943b0e1b859651d2ccf375bc96dfdd700000000000000000000004c,limit,sell,172080000,150,2025-04-16 19:59:02.564,canceled,2025-04-16 19:59:00.513
0xa1896677eec7a2e53cfe0aedfacde03cb5795082e3334fbda2cc56c09775b005,0x329e14c73ef0712dd1359d56476f3dd9c1c032f9c755556e5bd0cb536fb479d3,0x935b705b5943b0e1b859651d2ccf375bc96dfdd700000000000000000000004c,limit,buy,171880000,150,2025-04-16 19:59:00.513,canceled,2025-04-16 19:58:59.849
0x2c6bb2baf7526ed989a6941364e8e80ce950d0407a4114c51561965daafa7d44,0x329e14c73ef0712dd1359d56476f3dd9c1c032f9c755556e5bd0cb536fb479d3,0x935b705b5943b0e1b859651d2ccf375bc96dfdd700000000000000000000004c,limit,sell,172120000,150,2025-04-16 19:59:00.513,canceled,2025-04-16 19:58:59.849
0x85c72f5a1c603737330a69674b6b60e36716fc273b656723c6f0140b599d5bcb,0x329e14c73ef0712dd1359d56476f3dd9c1c032f9c755556e5bd0cb536fb479d3,0x935b705b5943b0e1b859651d2ccf375bc96dfdd700000000000000000000004c,limit,buy,171830000,150,2025-04-16 19:58:59.849,canceled,2025-04-16 19:58:54.098
0x261ae75ac63555faf08cd3f3e74067e4dacad969357df67bcd4661899d403189,0x329e14c73ef0712dd1359d56476f3dd9c1c032f9c755556e5bd0cb536fb479d3,0x935b705b5943b0e1b859651d2ccf375bc96dfdd700000000000000000000004c,limit,sell,172090000,150,2025-04-16 19:58:59.849,canceled,2025-04-16 19:58:54.098
0xf9ede78b9f9cbde3f78295149fb9fd4eb92cba774e3645cbad5a1b236c8f7d3c,0x329e14c73ef0712dd1359d56476f3dd9c1c032f9c755556e5bd0cb536fb479d3,0x935b705b5943b0e1b859651d2ccf375bc96dfdd700000000000000000000004c,limit,buy,171820000,150,2025-04-16 19:58:54.098,canceled,2025-04-16 19:58:52.290
0x161f2cf2d61273c4386368deb3a644f63644c55cbd10d226dc57aaeb504d4120,0x329e14c73ef0712dd1359d56476f3dd9c1c032f9c755556e5bd0cb536fb479d3,0x935b705b5943b0e1b859651d2ccf375bc96dfdd700000000000000000000004c,limit,sell,172070000,150,2025-04-16 19:58:54.098,canceled,2025-04-16 19:58:52.290
0x8e1dec9ed7551395a6dc1d85a8584fe84ac6c2dc7c48ba0b114b30e36cb4a51e,0x329e14c73ef0712dd1359d56476f3dd9c1c032f9c755556e5bd0cb536fb479d3,0x935b705b5943b0e1b859651d2ccf375bc96dfdd700000000000000000000004c,limit,buy,171790000,150,2025-04-16 19:58:52.290,canceled,2025-04-16 19:58:48.423
0x6d3ec2bac856b51cd14724dad430bcbb9be3b43c1540926de5e7c5eb09eaa88c,0x329e14c73ef0712dd1359d56476f3dd9c1c032f9c755556e5bd0cb536fb479d3,0x935b705b5943b0e1b859651d2ccf375bc96dfdd700000000000000000000004c,limit,sell,172050000,150,2025-04-16 19:58:52.290,canceled,2025-04-16 19:58:48.423
0x4059f4dc9c089e2cb8bb7f33b5ec6d53f098e5dd6ef6161b4069dd4ad147ad5a,0x329e14c73ef0712dd1359d56476f3dd9c1c032f9c755556e5bd0cb536fb479d3,0x935b705b5943b0e1b859651d2ccf375bc96dfdd700000000000000000000004c,limit,buy,171780000,150,2025-04-16 19:58:48.423,canceled,2025-04-16 19:58:47.550
0xfe0f4edb55f9172305fa0410d68764e4d4ef6436f8f523b311a7c2e15b8e0609,0x329e14c73ef0712dd1359d56476f3dd9c1c032f9c755556e5bd0cb536fb479d3,0x935b705b5943b0e1b859651d2ccf375bc96dfdd700000000000000000000004c,limit,sell,172030000,150,2025-04-16 19:58:48.423,canceled,2025-04-16 19:58:47.550
0xd67d59060b17e7b79a44ffbce23aa85d7be3b82162a8d4cc462843c0cc38444d,0x329e14c73ef0712dd1359d56476f3dd9c1c032f9c755556e5bd0cb536fb479d3,0x935b705b5943b0e1b859651d2ccf375bc96dfdd700000000000000000000004c,limit,buy,171810000,150,2025-04-16 19:58:47.550,canceled,2025-04-16 19:58:45.785
0x20833f1f79c9e9bcd1efe87129863ea628d8b449266f30735e2a6bcd07f899ce,0x329e14c73ef0712dd1359d56476f3dd9c1c032f9c755556e5bd0cb536fb479d3,0x935b705b5943b0e1b859651d2ccf375bc96dfdd700000000000000000000004c,limit,sell,172050000,150,2025-04-16 19:58:47.550,canceled,2025-04-16 19:58:45.785
0x22a45ed544150400a0d999d70f1db37f4389ad3bedb378e28a246154cd87919e,0x329e14c73ef0712dd1359d56476f3dd9c1c032f9c755556e5bd0cb536fb479d3,0x935b705b5943b0e1b859651d2ccf375bc96dfdd700000000000000000000004c,limit,buy,171700000,150,2025-04-16 19:58:45.785,canceled,2025-04-16 19:58:43.906
0xf17f73585fa4ce20f07e981ae90510d7bf621e77ac37f4070476ffe459b6613f,0x329e14c73ef0712dd1359d56476f3dd9c1c032f9c755556e5bd0cb536fb479d3,0x935b705b5943b0e1b859651d2ccf375bc96dfdd700000000000000000000004c,limit,sell,172010000,150,2025-04-16 19:58:45.785,canceled,2025-04-16 19:58:43.906
0x89074353b4a575f52e0bcef4c7789ff6ad63758a04d1ec8ddb9411f0ea3cc646,0x329e14c73ef0712dd1359d56476f3dd9c1c032f9c755556e5bd0cb536fb479d3,0x935b705b5943b0e1b859651d2ccf375bc96dfdd700000000000000000000004c,limit,buy,171770000,150,2025-04-16 19:58:43.906,canceled,2025-04-16 19:58:41.339
0xe07f7cf14aedd3c0ec01a8eb5e7985039999ef772faba88650c86cb976fc9245,0x329e14c73ef0712dd1359d56476f3dd9c1c032f9c755556e5bd0cb536fb479d3,0x935b705b5943b0e1b859651d2ccf375bc96dfdd700000000000000000000004c,limit,sell,172010000,150,2025-04-16 19:58:43.906,canceled,2025-04-16 19:58:41.339
0x4e93b742166f4a9913d9a304e136dfdc7c15fc40a00df364aad18aa3b6434e1a,0x329e14c73ef0712dd1359d56476f3dd9c1c032f9c755556e5bd0cb536fb479d3,0x935b705b5943b0e1b859651d2ccf375bc96dfdd700000000000000000000004c,limit,buy,171690000,150,2025-04-16 19:58:41.339,canceled,2025-04-16 19:58:26.837
0x9526251496082fa718509d6454eaab56895beaf5c4fa4fbbb334a11faec5841b,0x329e14c73ef0712dd1359d56476f3dd9c1c032f9c755556e5bd0cb536fb479d3,0x935b705b5943b0e1b859651d2ccf375bc96dfdd700000000000000000000004c,limit,sell,172000000,150,2025-04-16 19:58:41.339,canceled,2025-04-16 19:58:26.837
0x4663845c48b78a608ee0ab4fe667c5e52e374abf4752a29cef641ed9fa370ada,0x329e14c73ef0712dd1359d56476f3dd9c1c032f9c755556e5bd0cb536fb479d3,0x935b705b5943b0e1b859651d2ccf375bc96dfdd700000000000000000000004c,limit,buy,171770000,150,2025-04-16 19:58:26.837,canceled,2025-04-16 19:58:26.388
0xdcde8411822ecb4502cdea29b5b57d8edd735529a8f6546e5ec5adc0c8aab27f,0x329e14c73ef0712dd1359d56476f3dd9c1c032f9c755556e5bd0cb536fb479d3,0x935b705b5943b0e1b859651d2ccf375bc96dfdd700000000000000000000004c,limit,sell,172010000,150,2025-04-16 19:58:26.837,canceled,2025-04-16 19:58:26.388
0xf6ca1edafe0c177b408212b95e7e2121fbb8c53a338711012ec51af0ff31354a,0x329e14c73ef0712dd1359d56476f3dd9c1c032f9c755556e5bd0cb536fb479d3,0x935b705b5943b0e1b859651d2ccf375bc96dfdd700000000000000000000004c,limit,buy,171780000,150,2025-04-16 19:58:26.388,canceled,2025-04-16 19:58:25.722
0x7ddc0e241ef3e41265f4b3fea90b5d8909b4f3bf56e3261899f6fced2e81febf,0x329e14c73ef0712dd1359d56476f3dd9c1c032f9c755556e5bd0cb536fb479d3,0x935b705b5943b0e1b859651d2ccf375bc96dfdd700000000000000000000004c,limit,sell,172020000,150,2025-04-16 19:58:26.388,canceled,2025-04-16 19:58:25.722
0xbc1aab1b097411658c720758172f64cf8c76f1a1db7d5a5d8e182433e0f86bd4,0x329e14c73ef0712dd1359d56476f3dd9c1c032f9c755556e5bd0cb536fb479d3,0x935b705b5943b0e1b859651d2ccf375bc96dfdd700000000000000000000004c,limit,buy,171780000,150,2025-04-16 19:58:25.722,canceled,2025-04-16 19:58:24.569
0x1fb19867e53704592ec4457a57f4f4a7a80b35a076ce2993e5eba7abfd5b1c65,0x329e14c73ef0712dd1359d56476f3dd9c1c032f9c755556e5bd0cb536fb479d3,0x935b705b5943b0e1b859651d2ccf375bc96dfdd700000000000000000000004c,limit,sell,172010000,150,2025-04-16 19:58:25.722,canceled,2025-04-16 19:58:24.569
0x4f2fecb691d19ad68c04d19533cbf669dea1747ad09a296730f6017154da188c,0x329e14c73ef0712dd1359d56476f3dd9c1c032f9c755556e5bd0cb536fb479d3,0x935b705b5943b0e1b859651d2ccf375bc96dfdd700000000000000000000004c,limit,buy,171800000,150,2025-04-16 19:58:24.569,canceled,2025-04-16 19:58:23.258
0xbcc02adf3eab0653222cd8404994b91e35be9871a158cf0d2b42f5dedffdd757,0x329e14c73ef0712dd1359d56476f3dd9c1c032f9c755556e5bd0cb536fb479d3,0x935b705b5943b0e1b859651d2ccf375bc96dfdd700000000000000000000004c,limit,sell,172050000,150,2025-04-16 19:58:24.569,canceled,2025-04-16 19:58:23.258
0xd7084564dcbb473928f6f01b2184f6c4285c895b940aafa0ef57aaaee5d2ebe2,0x329e14c73ef0712dd1359d56476f3dd9c1c032f9c755556e5bd0cb536fb479d3,0x935b705b5943b0e1b859651d2ccf375bc96dfdd700000000000000000000004c,limit,buy,171660000,150,2025-04-16 19:58:23.258,canceled,2025-04-16 19:58:07.684
0xc788d9f65145dd9a2e4dc8a5729fcd2072cc83bef650b1b32f30e37b50d88f10,0x329e14c73ef0712dd1359d56476f3dd9c1c032f9c755556e5bd0cb536fb479d3,0x935b705b5943b0e1b859651d2ccf375bc96dfdd700000000000000000000004c,limit,sell,172020000,150,2025-04-16 19:58:23.258,canceled,2025-04-16 19:58:07.684
0xd035908f47e0441eb41978100f20441b5689145ed930ac0488c7757d34806e3f,0x329e14c73ef0712dd1359d56476f3dd9c1c032f9c755556e5bd0cb536fb479d3,0x935b705b5943b0e1b859651d2ccf375bc96dfdd700000000000000000000004c,limit,buy,171770000,150,2025-04-16 19:58:07.684,canceled,2025-04-16 19:58:06.341
0x86b10d0f4a15bc383dc121159699fe4dab6f160e41fa5c9b52219781b8d2ff8b,0x329e14c73ef0712dd1359d56476f3dd9c1c032f9c755556e5bd0cb536fb479d3,0x935b705b5943b0e1b859651d2ccf375bc96dfdd700000000000000000000004c,limit,sell,172020000,150,2025-04-16 19:58:07.684,canceled,2025-04-16 19:58:06.341
0xb7024319098dcf0ea14eb2de255d16bb410d82c41e8da7efd3a886b2ba8ff3fb,0x329e14c73ef0712dd1359d56476f3dd9c1c032f9c755556e5bd0cb536fb479d3,0x935b705b5943b0e1b859651d2ccf375bc96dfdd700000000000000000000004c,limit,buy,171760000,150,2025-04-16 19:58:06.341,canceled,2025-04-16 19:58:05.609
0xfc40f491dd6efd9ac91e1320e4065fb45df87f77b4d44f0e9a3c73306b299785,0x329e14c73ef0712dd1359d56476f3dd9c1c032f9c755556e5bd0cb536fb479d3,0x935b705b5943b0e1b859651d2ccf375bc96dfdd700000000000000000000004c,limit,sell,172000000,150,2025-04-16 19:58:06.341,canceled,2025-04-16 19:58:05.609
0xdda0773cdc43e9b858bd0bc3449baca960b5612ed2643398c000bb0dbee558f2,0x329e14c73ef0712dd1359d56476f3dd9c1c032f9c755556e5bd0cb536fb479d3,0x935b705b5943b0e1b859651d2ccf375bc96dfdd700000000000000000000004c,limit,buy,171700000,150,2025-04-16 19:58:05.609,canceled,2025-04-16 19:58:00.854
0x1949ad94c5d402d040c326bbb793e4b4c0914c187fe0d14dad863e91aff16272,0x329e14c73ef0712dd1359d56476f3dd9c1c032f9c755556e5bd0cb536fb479d3,0x935b705b5943b0e1b859651d2ccf375bc96dfdd700000000000000000000004c,limit,sell,171990000,150,2025-04-16 19:58:05.609,canceled,2025-04-16 19:58:00.854
0x4c06ccd7e86b743646dae448d0e15830d116e5b2a132f40dec5687319543dcea,0x329e14c73ef0712dd1359d56476f3dd9c1c032f9c755556e5bd0cb536fb479d3,0x935b705b5943b0e1b859651d2ccf375bc96dfdd700000000000000000000004c,limit,buy,171640000,150,2025-04-16 19:58:00.854,canceled,2025-04-16 19:57:49.002
0xdd58ab608f5eaeb462a3c087ae55df85d825fbae18ee356c7376c20fae92eb45,0x329e14c73ef0712dd1359d56476f3dd9c1c032f9c755556e5bd0cb536fb479d3,0x935b705b5943b0e1b859651d2ccf375bc96dfdd700000000000000000000004c,limit,sell,171940000,150,2025-04-16 19:58:00.854,canceled,2025-04-16 19:57:49.002
0x3166a742c336ce93198ff8d25f75baabfb9ede0b14837b4577fa1d3c72b2894e,0x329e14c73ef0712dd1359d56476f3dd9c1c032f9c755556e5bd0cb536fb479d3,0x935b705b5943b0e1b859651d2ccf375bc96dfdd700000000000000000000004c,limit,buy,171640000,150,2025-04-16 19:57:49.002,canceled,2025-04-16 19:57:48.339
0xaee470eebcc24c11b22a15bf3c4d585957d1a9e2d1474f5a803276c4c5db25ef,0x329e14c73ef0712dd1359d56476f3dd9c1c032f9c755556e5bd0cb536fb479d3,0x935b705b5943b0e1b859651d2ccf375bc96dfdd700000000000000000000004c,limit,sell,171920000,150,2025-04-16 19:57:49.002,canceled,2025-04-16 19:57:48.339
0x456f6babe447e766da164bd6b4ae229c9cbbfddad2b7f3ed793c852c1d0edbf3,0x329e14c73ef0712dd1359d56476f3dd9c1c032f9c755556e5bd0cb536fb479d3,0x935b705b5943b0e1b859651d2ccf375bc96dfdd700000000000000000000004c,limit,buy,171710000,150,2025-04-16 19:57:48.339,canceled,2025-04-16 19:57:43.346
0x7ea878aabdb966d6aaefc50af25d3ed3e4cefa6c28e82c13f9d8584923ecc4d3,0x329e14c73ef0712dd1359d56476f3dd9c1c032f9c755556e5bd0cb536fb479d3,0x935b705b5943b0e1b859651d2ccf375bc96dfdd700000000000000000000004c,limit,sell,172040000,150,2025-04-16 19:57:48.339,canceled,2025-04-16 19:57:43.346
0x373bf9c0dea71af822391728ed385b533ba129dbcd830b4f5f758aff822f0378,0x329e14c73ef0712dd1359d56476f3dd9c1c032f9c755556e5bd0cb536fb479d3,0x935b705b5943b0e1b859651d2ccf375bc96dfdd700000000000000000000004c,limit,buy,171640000,150,2025-04-16 19:57:43.346,canceled,2025-04-16 19:57:42.676
0x01024249d4c57687883fa4f808879d67aad05356a7c944afe9a4866f6fd99ef9,0x329e14c73ef0712dd1359d56476f3dd9c1c032f9c755556e5bd0cb536fb479d3,0x935b705b5943b0e1b859651d2ccf375bc96dfdd700000000000000000000004c,limit,sell,171990000,150,2025-04-16 19:57:43.346,canceled,2025-04-16 19:57:42.676
0x70359da206dc20bcbe88b4af9b408e54dfdef467cce4e2ffa7464d4754aa179d,0x329e14c73ef0712dd1359d56476f3dd9c1c032f9c755556e5bd0cb536fb479d3,0x935b705b5943b0e1b859651d2ccf375bc96dfdd700000000000000000000004c,limit,buy,171720000,150,2025-04-16 19:57:42.676,canceled,2025-04-16 19:57:39.482
0x2a4a0c626ba8bd21b0faf83838fda64583610935468195c7d72f917f97a21223,0x329e14c73ef0712dd1359d56476f3dd9c1c032f9c755556e5bd0cb536fb479d3,0x935b705b5943b0e1b859651d2ccf375bc96dfdd700000000000000000000004c,limit,sell,172040000,150,2025-04-16 19:57:42.676,canceled,2025-04-16 19:57:39.482
0x6690c16374794540d12c8a48b4e5174a3f28befb0dd2a87749df8ce00865b63e,0x329e14c73ef0712dd1359d56476f3dd9c1c032f9c755556e5bd0cb536fb479d3,0x935b705b5943b0e1b859651d2ccf375bc96dfdd700000000000000000000004c,limit,buy,171780000,150,2025-04-16 19:57:39.482,canceled,2025-04-16 19:57:38.320
0xb68716ffedb01ad5b991b0d2f8cb1abcdb1620369a0797e71415ba4232b9c7a8,0x329e14c73ef0712dd1359d56476f3dd9c1c032f9c755556e5bd0cb536fb479d3,0x935b705b5943b0e1b859651d2ccf375bc96dfdd700000000000000000000004c,limit,sell,172050000,150,2025-04-16 19:57:39.482,canceled,2025-04-16 19:57:38.320
0x977a4baaa0487f5d4cd3f3db410bbe222681ff5073045652dd6f24ef8fc2e0dd,0x329e14c73ef0712dd1359d56476f3dd9c1c032f9c755556e5bd0cb536fb479d3,0x935b705b5943b0e1b859651d2ccf375bc96dfdd700000000000000000000004c,limit,buy,171780000,150,2025-04-16 19:57:38.320,canceled,2025-04-16 19:57:37.660
0xd9ced7b134e69e64bd76f6780ea3214891692184e154552d1699cc0338cca500,0x329e14c73ef0712dd1359d56476f3dd9c1c032f9c755556e5bd0cb536fb479d3,0x935b705b5943b0e1b859651d2ccf375bc96dfdd700000000000000000000004c,limit,sell,172030000,150,2025-04-16 19:57:38.320,canceled,2025-04-16 19:57:37.660
0xd90869d16bc50a33677e4e702c23e536f27240ea1333df9b9169dfd970634299,0x329e14c73ef0712dd1359d56476f3dd9c1c032f9c755556e5bd0cb536fb479d3,0x935b705b5943b0e1b859651d2ccf375bc96dfdd700000000000000000000004c,limit,buy,171790000,150,2025-04-16 19:57:37.660,canceled,2025-04-16 19:57:03.952
0x712daafb4b0d1f223e6e65be43088d7972abf7675d9d0c4848db7da39fdd75da,0x329e14c73ef0712dd1359d56476f3dd9c1c032f9c755556e5bd0cb536fb479d3,0x935b705b5943b0e1b859651d2ccf375bc96dfdd700000000000000000000004c,limit,sell,172170000,150,2025-04-16 19:57:37.660,canceled,2025-04-16 19:57:03.952
0x534ab32ec86663a41ab3c3a8b0cf9fbf25127c74b540596f9c1c6f8f84b97bca,0x329e14c73ef0712dd1359d56476f3dd9c1c032f9c755556e5bd0cb536fb479d3,0x935b705b5943b0e1b859651d2ccf375bc96dfdd700000000000000000000004c,limit,buy,171750000,150,2025-04-16 19:57:03.952,canceled,2025-04-16 19:57:02.068
0xb423b0eb8fabc81157b76519af717ee53dd9644aba71714b5b7e21abb95c2893,0x329e14c73ef0712dd1359d56476f3dd9c1c032f9c755556e5bd0cb536fb479d3,0x935b705b5943b0e1b859651d2ccf375bc96dfdd700000000000000000000004c,limit,sell,172160000,150,2025-04-16 19:57:03.952,canceled,2025-04-16 19:57:02.068
0xbecc2b1cf2c7a282ae33c63d86d92a96b124a7d79038d8121640391b7db637ec,0x329e14c73ef0712dd1359d56476f3dd9c1c032f9c755556e5bd0cb536fb479d3,0x935b705b5943b0e1b859651d2ccf375bc96dfdd700000000000000000000004c,limit,buy,171740000,150,2025-04-16 19:57:02.068,canceled,2025-04-16 19:56:48.177
0x1cd6ffe8abc976192481ea31d3d539d051112e77690504e7b871e8b3f158ae62,0x329e14c73ef0712dd1359d56476f3dd9c1c032f9c755556e5bd0cb536fb479d3,0x935b705b5943b0e1b859651d2ccf375bc96dfdd700000000000000000000004c,limit,sell,172120000,150,2025-04-16 19:57:02.068,canceled,2025-04-16 19:56:48.177
0xfc2b4ad8fe9fb15c74ea0eb81b110ac1f8f40e77a216d521ee794af6443d57c7,0x329e14c73ef0712dd1359d56476f3dd9c1c032f9c755556e5bd0cb536fb479d3,0x935b705b5943b0e1b859651d2ccf375bc96dfdd700000000000000000000004c,limit,buy,171740000,150,2025-04-16 19:56:48.177,canceled,2025-04-16 19:56:47.496
0x0df26b413a9fc2ea0d4e62e20380f46117c41db151c6c3001fc84b790b92ad15,0x329e14c73ef0712dd1359d56476f3dd9c1c032f9c755556e5bd0cb536fb479d3,0x935b705b5943b0e1b859651d2ccf375bc96dfdd700000000000000000000004c,limit,sell,172060000,150,2025-04-16 19:56:48.177,canceled,2025-04-16 19:56:47.496
0xae007f879d43131d6c83ef77bea3b70541f8a023138afe8fefed8142a58b83a3,0x329e14c73ef0712dd1359d56476f3dd9c1c032f9c755556e5bd0cb536fb479d3,0x935b705b5943b0e1b859651d2ccf375bc96dfdd700000000000000000000004c,limit,buy,171820000,150,2025-04-16 19:56:47.496,canceled,2025-04-16 19:56:39.517
0x53c90ddd382d5d8671878f5d14c622e3f06cbb054d3ba804504399a0820f8cfa,0x329e14c73ef0712dd1359d56476f3dd9c1c032f9c755556e5bd0cb536fb479d3,0x935b705b5943b0e1b859651d2ccf375bc96dfdd700000000000000000000004c,limit,sell,172090000,150,2025-04-16 19:56:47.496,canceled,2025-04-16 19:56:39.517
0xcbf994d0e0501f047fd29c57c322323725c75bd9708d8a84005861f10011ffdb,0x329e14c73ef0712dd1359d56476f3dd9c1c032f9c755556e5bd0cb536fb479d3,0x935b705b5943b0e1b859651d2ccf375bc96dfdd700000000000000000000004c,limit,buy,171770000,150,2025-04-16 19:56:39.517,canceled,2025-04-16 19:56:32.111
0x3b2c3edd7eca864987ce3cd5a0fbda90928d6b9b3ea68f3eadaa141bcc9b398d,0x329e14c73ef0712dd1359d56476f3dd9c1c032f9c755556e5bd0cb536fb479d3,0x935b705b5943b0e1b859651d2ccf375bc96dfdd700000000000000000000004c,limit,sell,172120000,150,2025-04-16 19:56:39.517,canceled,2025-04-16 19:56:32.111
0xf07bfcceac7481214f1d74740d8b364feab2da89a6ad4223344c4eb7b63f99b6,0x329e14c73ef0712dd1359d56476f3dd9c1c032f9c755556e5bd0cb536fb479d3,0x935b705b5943b0e1b859651d2ccf375bc96dfdd700000000000000000000004c,limit,buy,171850000,150,2025-04-16 19:56:32.111,canceled,2025-04-16 19:56:29.671
0x24b0f6ac55b8f1f6f8740b70a83f0ff49f7872c8c9d8ed779dce1af3909b13b0,0x329e14c73ef0712dd1359d56476f3dd9c1c032f9c755556e5bd0cb536fb479d3,0x935b705b5943b0e1b859651d2ccf375bc96dfdd700000000000000000000004c,limit,sell,172120000,150,2025-04-16 19:56:32.111,canceled,2025-04-16 19:56:29.671
0x84aab7963d0a92551e3062b19cdbc25141e59b9f886d496fa697f70cda7cf4b2,0x329e14c73ef0712dd1359d56476f3dd9c1c032f9c755556e5bd0cb536fb479d3,0x935b705b5943b0e1b859651d2ccf375bc96dfdd700000000000000000000004c,limit,buy,171720000,150,2025-04-16 19:56:29.671,canceled,2025-04-16 19:56:19.189
0x083e5ebf3565bbe3462e8b93765f8da931bb13b52350180871309d3db949f338,0x329e14c73ef0712dd1359d56476f3dd9c1c032f9c755556e5bd0cb536fb479d3,0x935b705b5943b0e1b859651d2ccf375bc96dfdd700000000000000000000004c,limit,sell,172080000,150,2025-04-16 19:56:29.671,canceled,2025-04-16 19:56:19.189
0x8d37fb5fba85f09828b1b114b695411d68be4729466ce96893792f303a749b76,0x329e14c73ef0712dd1359d56476f3dd9c1c032f9c755556e5bd0cb536fb479d3,0x935b705b5943b0e1b859651d2ccf375bc96dfdd700000000000000000000004c,limit,buy,171720000,150,2025-04-16 19:56:19.189,canceled,2025-04-16 19:56:14.295
0xc0d3100c50a8bb77503d86e986ce3eea2d52e7a6e5dfca10449352d536a53b5f,0x329e14c73ef0712dd1359d56476f3dd9c1c032f9c755556e5bd0cb536fb479d3,0x935b705b5943b0e1b859651d2ccf375bc96dfdd700000000000000000000004c,limit,sell,172030000,150,2025-04-16 19:56:19.189,canceled,2025-04-16 19:56:14.295
0x7df262902cb3aefbaccd082b00571648057170efd53d00dba6000b3641e20e7e,0x329e14c73ef0712dd1359d56476f3dd9c1c032f9c755556e5bd0cb536fb479d3,0x935b705b5943b0e1b859651d2ccf375bc96dfdd700000000000000000000004c,limit,buy,171720000,150,2025-04-16 19:56:14.295,canceled,2025-04-16 19:56:13.664
0x0252940dd114fbc607ca6f2ac20fd191548d04acb9cc673f2c2622e7153f1818,0x329e14c73ef0712dd1359d56476f3dd9c1c032f9c755556e5bd0cb536fb479d3,0x935b705b5943b0e1b859651d2ccf375bc96dfdd700000000000000000000004c,limit,sell,172020000,150,2025-04-16 19:56:14.295,canceled,2025-04-16 19:56:13.664
0x78c94edde5ded8961775d74341ffcac490c3b2771c0c3cd834a592bb4253d959,0x329e14c73ef0712dd1359d56476f3dd9c1c032f9c755556e5bd0cb536fb479d3,0x935b705b5943b0e1b859651d2ccf375bc96dfdd700000000000000000000004c,limit,buy,171470000,150,2025-04-16 19:56:13.664,canceled,2025-04-16 19:56:08.367
0x241d75bfa45fece92258013cb3d4647ef900dbe07c199b1a0eb975e58b534149,0x329e14c73ef0712dd1359d56476f3dd9c1c032f9c755556e5bd0cb536fb479d3,0x935b705b5943b0e1b859651d2ccf375bc96dfdd700000000000000000000004c,limit,sell,172030000,150,2025-04-16 19:56:13.664,canceled,2025-04-16 19:56:08.367
0xa4f2fc0f4db549f59e46071860c0aaa4451635c22f84942fb92060917df78e96,0x329e14c73ef0712dd1359d56476f3dd9c1c032f9c755556e5bd0cb536fb479d3,0x935b705b5943b0e1b859651d2ccf375bc96dfdd700000000000000000000004c,limit,buy,171370000,150,2025-04-16 19:56:08.367,canceled,2025-04-16 19:56:01.794
0x52da9f0826e4241716b30276ed8196f96b224c14226e9599f0f89c96a67e6b5d,0x329e14c73ef0712dd1359d56476f3dd9c1c032f9c755556e5bd0cb536fb479d3,0x935b705b5943b0e1b859651d2ccf375bc96dfdd700000000000000000000004c,limit,sell,171930000,150,2025-04-16 19:56:08.367,canceled,2025-04-16 19:56:01.794
0xadbf7015734d642c7b3d39e1ecc27d1e7f7635ff225c6c8fd6f1a3af1e2f1c76,0x329e14c73ef0712dd1359d56476f3dd9c1c032f9c755556e5bd0cb536fb479d3,0x935b705b5943b0e1b859651d2ccf375bc96dfdd700000000000000000000004c,limit,buy,171580000,150,2025-04-16 19:56:01.794,canceled,2025-04-16 19:56:01.133
0xebd3878a8fb0592c1078901335ebe0cb451aa1928b1dffab1d396db38fb54dce,0x329e14c73ef0712dd1359d56476f3dd9c1c032f9c755556e5bd0cb536fb479d3,0x935b705b5943b0e1b859651d2ccf375bc96dfdd700000000000000000000004c,limit,sell,171920000,150,2025-04-16 19:56:01.794,canceled,2025-04-16 19:56:01.133
0xa85fd6070dd37a14a147a9ed892d2dc4ba95101a47b35e10002711534a2d570a,0x329e14c73ef0712dd1359d56476f3dd9c1c032f9c755556e5bd0cb536fb479d3,0x935b705b5943b0e1b859651d2ccf375bc96dfdd700000000000000000000004c,limit,buy,171590000,150,2025-04-16 19:56:01.133,canceled,2025-04-16 19:55:50.619
0x80523dcf842f938a0274ddfa8bd6a2fb0c7a11b565c6644e8b6d7dbcd308f5aa,0x329e14c73ef0712dd1359d56476f3dd9c1c032f9c755556e5bd0cb536fb479d3,0x935b705b5943b0e1b859651d2ccf375bc96dfdd700000000000000000000004c,limit,sell,172070000,150,2025-04-16 19:56:01.133,canceled,2025-04-16 19:55:50.619
0xae782c18855be0e02a0b0615acec4f96f0a55e56a2a7ce6b03179a9bd25569ef,0x329e14c73ef0712dd1359d56476f3dd9c1c032f9c755556e5bd0cb536fb479d3,0x935b705b5943b0e1b859651d2ccf375bc96dfdd700000000000000000000004c,limit,buy,171590000,150,2025-04-16 19:55:50.619,canceled,2025-04-16 19:55:49.305
0x4518cf788f2ca9559b35438a1a855fc3cfb8044a2927376e5f403e4019727886,0x329e14c73ef0712dd1359d56476f3dd9c1c032f9c755556e5bd0cb536fb479d3,0x935b705b5943b0e1b859651d2ccf375bc96dfdd700000000000000000000004c,limit,sell,172040000,150,2025-04-16 19:55:50.619,canceled,2025-04-16 19:55:49.305
0xe0c8b12831343b599263cdc555e442048e1f4ab7d9fd5606909d0709f3fda830,0x329e14c73ef0712dd1359d56476f3dd9c1c032f9c755556e5bd0cb536fb479d3,0x935b705b5943b0e1b859651d2ccf375bc96dfdd700000000000000000000004c,limit,buy,171730000,150,2025-04-16 19:55:49.305,canceled,2025-04-16 19:55:45.242
0xbe3ad9086d36122c309885a78c891af3362ec064e170f87081b3ab228ddf0ad8,0x329e14c73ef0712dd1359d56476f3dd9c1c032f9c755556e5bd0cb536fb479d3,0x935b705b5943b0e1b859651d2ccf375bc96dfdd700000000000000000000004c,limit,sell,172080000,150,2025-04-16 19:55:49.305,canceled,2025-04-16 19:55:45.242
0xed090bfa2132a3d56f9c3239620835f59b3594a8539d74787a2e510e4e29bf22,0x329e14c73ef0712dd1359d56476f3dd9c1c032f9c755556e5bd0cb536fb479d3,0x935b705b5943b0e1b859651d2ccf375bc96dfdd700000000000000000000004c,limit,buy,171420000,150,2025-04-16 19:55:45.242,canceled,2025-04-16 19:55:32.442
0x3fdeecb11eddac814494e2e85685206bfc6f9ed30b44cd0336e8e1b58fbfea92,0x329e14c73ef0712dd1359d56476f3dd9c1c032f9c755556e5bd0cb536fb479d3,0x935b705b5943b0e1b859651d2ccf375bc96dfdd700000000000000000000004c,limit,sell,171830000,150,2025-04-16 19:55:45.242,canceled,2025-04-16 19:55:32.442
0x00cfff3b7346711b969e6765db0c7b6e2ea4e19cc71cf19f98fdb66f1112d016,0x329e14c73ef0712dd1359d56476f3dd9c1c032f9c755556e5bd0cb536fb479d3,0x935b705b5943b0e1b859651d2ccf375bc96dfdd700000000000000000000004c,limit,buy,171530000,150,2025-04-16 19:55:32.442,canceled,2025-04-16 19:55:27.249
0x4d77062f12cf62690f1d833b69158b3d9decee58e1a1461cfefd1011530ad1e8,0x329e14c73ef0712dd1359d56476f3dd9c1c032f9c755556e5bd0cb536fb479d3,0x935b705b5943b0e1b859651d2ccf375bc96dfdd700000000000000000000004c,limit,sell,171850000,150,2025-04-16 19:55:32.442,canceled,2025-04-16 19:55:27.249
0x76a9db526aec0e43cca2513640c24a163ea5240c9c3850e63fa9633645bc6e6f,0x329e14c73ef0712dd1359d56476f3dd9c1c032f9c755556e5bd0cb536fb479d3,0x935b705b5943b0e1b859651d2ccf375bc96dfdd700000000000000000000004c,limit,buy,171470000,150,2025-04-16 19:55:27.249,canceled,2025-04-16 19:55:26.583
0x151ccbe3004567dc28430a29a8296f7a37bf8a9edbef4bf87cc6e95887bcc0ca,0x329e14c73ef0712dd1359d56476f3dd9c1c032f9c755556e5bd0cb536fb479d3,0x935b705b5943b0e1b859651d2ccf375bc96dfdd700000000000000000000004c,limit,sell,171790000,150,2025-04-16 19:55:27.249,canceled,2025-04-16 19:55:26.583
0xcb3c0dfad9410f6f0354561cb185fde15af4cb9bd263637fa476d704b5177dd6,0x329e14c73ef0712dd1359d56476f3dd9c1c032f9c755556e5bd0cb536fb479d3,0x935b705b5943b0e1b859651d2ccf375bc96dfdd700000000000000000000004c,limit,buy,171370000,150,2025-04-16 19:55:26.583,canceled,2025-04-16 19:55:20.005
0x19da387b13cc5912bd10f2173927088f5b06a9f5e2df6fb33db91a857a097691,0x329e14c73ef0712dd1359d56476f3dd9c1c032f9c755556e5bd0cb536fb479d3,0x935b705b5943b0e1b859651d2ccf375bc96dfdd700000000000000000000004c,limit,sell,171770000,150,2025-04-16 19:55:26.583,canceled,2025-04-16 19:55:20.005
0x1b354f72c8916dd0915445cdf28b7fb0ad56800537f698850ecfeedc473f419e,0x329e14c73ef0712dd1359d56476f3dd9c1c032f9c755556e5bd0cb536fb479d3,0x935b705b5943b0e1b859651d2ccf375bc96dfdd700000000000000000000004c,limit,buy,171470000,150,2025-04-16 19:55:20.005,canceled,2025-04-16 19:55:19.157
0x3502054351126aa9be08aa80aebd1ae63e8a79eb86937ecddc102647a5d8ccfd,0x329e14c73ef0712dd1359d56476f3dd9c1c032f9c755556e5bd0cb536fb479d3,0x935b705b5943b0e1b859651d2ccf375bc96dfdd700000000000000000000004c,limit,sell,171790000,150,2025-04-16 19:55:20.005,canceled,2025-04-16 19:55:19.157
0x5bc851b14df66b809efcdf86485d0cc63df9f150f9294de2a8344e42f82fee04,0x329e14c73ef0712dd1359d56476f3dd9c1c032f9c755556e5bd0cb536fb479d3,0x935b705b5943b0e1b859651d2ccf375bc96dfdd700000000000000000000004c,limit,buy,171470000,150,2025-04-16 19:55:19.157,canceled,2025-04-16 19:55:18.268
0xda682aa660609dcb5f05b4577354357f008c3b1effb60775f95be66c88a57509,0x329e14c73ef0712dd1359d56476f3dd9c1c032f9c755556e5bd0cb536fb479d3,0x935b705b5943b0e1b859651d2ccf375bc96dfdd700000000000000000000004c,limit,sell,171680000,150,2025-04-16 19:55:19.157,canceled,2025-04-16 19:55:18.268
0x8311f9ec0356cc2a7c119897a2741b63a62de7ca16861a7d301532ec0a59ead8,0x329e14c73ef0712dd1359d56476f3dd9c1c032f9c755556e5bd0cb536fb479d3,0x935b705b5943b0e1b859651d2ccf375bc96dfdd700000000000000000000004c,limit,buy,171190000,150,2025-04-16 19:55:18.268,canceled,2025-04-16 19:55:05.933
0x31d721e5d5539e7831db4080819934e297c2c723e268d0c3caeaf604b955421e,0x329e14c73ef0712dd1359d56476f3dd9c1c032f9c755556e5bd0cb536fb479d3,0x935b705b5943b0e1b859651d2ccf375bc96dfdd700000000000000000000004c,limit,sell,171680000,150,2025-04-16 19:55:18.268,canceled,2025-04-16 19:55:05.933
0x357fb137ceb8847292b3107387960ac017ecc59f2f043169390eeef21a28ed85,0x329e14c73ef0712dd1359d56476f3dd9c1c032f9c755556e5bd0cb536fb479d3,0x935b705b5943b0e1b859651d2ccf375bc96dfdd700000000000000000000004c,limit,buy,171300000,150,2025-04-16 19:55:05.933,canceled,2025-04-16 19:55:04.671
0x74a7c9562d085b18d04522aae7db3bc2e54a9d7cc026a3344bc5833bae9d1e26,0x329e14c73ef0712dd1359d56476f3dd9c1c032f9c755556e5bd0cb536fb479d3,0x935b705b5943b0e1b859651d2ccf375bc96dfdd700000000000000000000004c,limit,sell,171680000,150,2025-04-16 19:55:05.933,canceled,2025-04-16 19:55:04.671
0xa1f06de2bd532101118e9d512f0a0ceec06e9f20a876829db43a1c4947039fba,0x329e14c73ef0712dd1359d56476f3dd9c1c032f9c755556e5bd0cb536fb479d3,0x935b705b5943b0e1b859651d2ccf375bc96dfdd700000000000000000000004c,limit,buy,171370000,150,2025-04-16 19:55:04.671,canceled,2025-04-16 19:55:03.565
0xe40025dafe6b22692fc847bbcf37412ea99c45367df1ef0e5c0235f775d6fe79,0x329e14c73ef0712dd1359d56476f3dd9c1c032f9c755556e5bd0cb536fb479d3,0x935b705b5943b0e1b859651d2ccf375bc96dfdd700000000000000000000004c,limit,sell,171670000,150,2025-04-16 19:55:04.671,canceled,2025-04-16 19:55:03.565
0x285ccd5c2397add04f18140089b49e39792042f06ed9c958c0142a2f1b43f9aa,0x329e14c73ef0712dd1359d56476f3dd9c1c032f9c755556e5bd0cb536fb479d3,0x935b705b5943b0e1b859651d2ccf375bc96dfdd700000000000000000000004c,limit,buy,171240000,150,2025-04-16 19:55:03.565,canceled,2025-04-16 19:55:02.391
0x54faf2254d766f8ce411f38cb1bdc41a1c06e4e099139d0f70bec614844a2b83,0x329e14c73ef0712dd1359d56476f3dd9c1c032f9c755556e5bd0cb536fb479d3,0x935b705b5943b0e1b859651d2ccf375bc96dfdd700000000000000000000004c,limit,sell,171550000,150,2025-04-16 19:55:03.565,canceled,2025-04-16 19:55:02.391
0x029b1aa85dbd196f638d345aa4cfe0160c2bdc5916e4c99e89ead6eb8ec93db1,0x329e14c73ef0712dd1359d56476f3dd9c1c032f9c755556e5bd0cb536fb479d3,0x935b705b5943b0e1b859651d2ccf375bc96dfdd700000000000000000000004c,limit,buy,170790000,150,2025-04-16 19:55:02.391,canceled,2025-04-16 19:55:01.230
0x1b135c996774fa2772760a08529ff483f8cf6756a56ca6ed2e81df9a0193ffa2,0x329e14c73ef0712dd1359d56476f3dd9c1c032f9c755556e5bd0cb536fb479d3,0x935b705b5943b0e1b859651d2ccf375bc96dfdd700000000000000000000004c,limit,sell,171460000,150,2025-04-16 19:55:02.391,canceled,2025-04-16 19:55:01.230
0xeec2f08c7b6371023b96acaa36697030ef9bbe70af7e5f6be359130e8bbf2e2d,0x329e14c73ef0712dd1359d56476f3dd9c1c032f9c755556e5bd0cb536fb479d3,0x935b705b5943b0e1b859651d2ccf375bc96dfdd700000000000000000000004c,limit,buy,170990000,150,2025-04-16 19:55:01.230,canceled,2025-04-16 19:54:59.850
0x477feb5bfe971fce424f91f2188128b18cc4a87f34b967908d6988f0f9f34f23,0x329e14c73ef0712dd1359d56476f3dd9c1c032f9c755556e5bd0cb536fb479d3,0x935b705b5943b0e1b859651d2ccf375bc96dfdd700000000000000000000004c,limit,sell,171460000,150,2025-04-16 19:55:01.230,canceled,2025-04-16 19:54:59.850
0xba0bdf96f040e8e4a03a61c3600f3bc7ce9d41e1b24449df4f27c119b706a1c7,0x329e14c73ef0712dd1359d56476f3dd9c1c032f9c755556e5bd0cb536fb479d3,0x935b705b5943b0e1b859651d2ccf375bc96dfdd700000000000000000000004c,limit,buy,171140000,150,2025-04-16 19:54:59.850,canceled,2025-04-16 19:54:56.655
0xfbdbf830ddc675d522b9d30aaf39ca0f53ec1584ddbb029205274e72eea6bfc9,0x329e14c73ef0712dd1359d56476f3dd9c1c032f9c755556e5bd0cb536fb479d3,0x935b705b5943b0e1b859651d2ccf375bc96dfdd700000000000000000000004c,limit,sell,171460000,150,2025-04-16 19:54:59.850,canceled,2025-04-16 19:54:56.655
0xb2eabdff3ec289f4dd483f6430da5de85c1ec7bdab8a1364cd8ba6121b130620,0x329e14c73ef0712dd1359d56476f3dd9c1c032f9c755556e5bd0cb536fb479d3,0x935b705b5943b0e1b859651d2ccf375bc96dfdd700000000000000000000004c,limit,buy,171030000,150,2025-04-16 19:54:56.655,canceled,2025-04-16 19:54:53.339
0x66f1c1282336a3c9edae9028506f4e4c17bc20fd82641c9cbfd55a8ecfa75c9c,0x329e14c73ef0712dd1359d56476f3dd9c1c032f9c755556e5bd0cb536fb479d3,0x935b705b5943b0e1b859651d2ccf375bc96dfdd700000000000000000000004c,limit,sell,171430000,150,2025-04-16 19:54:56.655,canceled,2025-04-16 19:54:53.339
0xea0ef244e58e4bf14ee888e24df1e4d20d0ec76bb6d5a84023659f7b3fb03da2,0x329e14c73ef0712dd1359d56476f3dd9c1c032f9c755556e5bd0cb536fb479d3,0x935b705b5943b0e1b859651d2ccf375bc96dfdd700000000000000000000004c,limit,buy,171130000,150,2025-04-16 19:54:53.339,canceled,2025-04-16 19:54:52.677
0x0087057ddbe6d5bb8211969c6124cd8d531c3c532dce8cd73ead34dd310ad401,0x329e14c73ef0712dd1359d56476f3dd9c1c032f9c755556e5bd0cb536fb479d3,0x935b705b5943b0e1b859651d2ccf375bc96dfdd700000000000000000000004c,limit,sell,171370000,150,2025-04-16 19:54:53.339,canceled,2025-04-16 19:54:52.677
0x1885fa48898f081447105b6edb1a595f27033694fdff8b00843e18de532e829c,0x329e14c73ef0712dd1359d56476f3dd9c1c032f9c755556e5bd0cb536fb479d3,0x935b705b5943b0e1b859651d2ccf375bc96dfdd700000000000000000000004c,limit,buy,171170000,150,2025-04-16 19:54:52.677,canceled,2025-04-16 19:54:49.943
0x823dae32267ff5e98ca247e08567a79eb9fd035e3572938cf152739b76320483,0x329e14c73ef0712dd1359d56476f3dd9c1c032f9c755556e5bd0cb536fb479d3,0x935b705b5943b0e1b859651d2ccf375bc96dfdd700000000000000000000004c,limit,sell,171460000,150,2025-04-16 19:54:52.677,canceled,2025-04-16 19:54:49.943
0xca43e3c983a72eeed25f547eaa646bb37f7005e198653165ddcb275a55a2b71a,0x329e14c73ef0712dd1359d56476f3dd9c1c032f9c755556e5bd0cb536fb479d3,0x935b705b5943b0e1b859651d2ccf375bc96dfdd700000000000000000000004c,limit,buy,170990000,150,2025-04-16 19:54:49.943,canceled,2025-04-16 19:54:40.981
0x4b1f8d5d18ed8b3a54b9025f93403bf179506edc26ff2177c91871e12e11671a,0x329e14c73ef0712dd1359d56476f3dd9c1c032f9c755556e5bd0cb536fb479d3,0x935b705b5943b0e1b859651d2ccf375bc96dfdd700000000000000000000004c,limit,sell,171370000,150,2025-04-16 19:54:49.943,canceled,2025-04-16 19:54:40.981
0x817ab6ff95ab5de5ddee85d983c4d0cd784fd5177ee19fb886f2517e5cdfb503,0x329e14c73ef0712dd1359d56476f3dd9c1c032f9c755556e5bd0cb536fb479d3,0x935b705b5943b0e1b859651d2ccf375bc96dfdd700000000000000000000004c,limit,buy,171280000,150,2025-04-16 19:54:40.981,canceled,2025-04-16 19:54:40.311
0x073263798cde5b636ef61bc11c433907bfe9be2ec51eb56802685968dac9c889,0x329e14c73ef0712dd1359d56476f3dd9c1c032f9c755556e5bd0cb536fb479d3,0x935b705b5943b0e1b859651d2ccf375bc96dfdd700000000000000000000004c,limit,sell,171630000,150,2025-04-16 19:54:40.981,canceled,2025-04-16 19:54:40.311
0x67efb878e1a7c7b2b9ca11f337f2ff34c82a6de1088ada1b402bd085517e7b75,0x329e14c73ef0712dd1359d56476f3dd9c1c032f9c755556e5bd0cb536fb479d3,0x935b705b5943b0e1b859651d2ccf375bc96dfdd700000000000000000000004c,limit,buy,171340000,150,2025-04-16 19:54:40.311,canceled,2025-04-16 19:54:38.338
0xab4411646b38146e5ff38ab06f4a5fb6a1505c22a96f686229d3d4e6df925a67,0x329e14c73ef0712dd1359d56476f3dd9c1c032f9c755556e5bd0cb536fb479d3,0x935b705b5943b0e1b859651d2ccf375bc96dfdd700000000000000000000004c,limit,sell,171680000,150,2025-04-16 19:54:40.311,canceled,2025-04-16 19:54:38.338
0x743e59025d8756fb77b97e2a488a6d51766d250c42a6a0b3b3556ff7f23086a2,0x329e14c73ef0712dd1359d56476f3dd9c1c032f9c755556e5bd0cb536fb479d3,0x935b705b5943b0e1b859651d2ccf375bc96dfdd700000000000000000000004c,limit,buy,171220000,150,2025-04-16 19:54:38.338,canceled,2025-04-16 19:54:34.954
0x0bf57a8dbbec3178b82fb45669fa3c5a0acf8255239722e6c71317e2cbc37e23,0x329e14c73ef0712dd1359d56476f3dd9c1c032f9c755556e5bd0cb536fb479d3,0x935b705b5943b0e1b859651d2ccf375bc96dfdd700000000000000000000004c,limit,sell,171620000,150,2025-04-16 19:54:38.338,canceled,2025-04-16 19:54:34.954
0x2501c5e16c306d84702753ec81a4709b52fd8c9c9d7b88a57004796ad9cccda6,0x329e14c73ef0712dd1359d56476f3dd9c1c032f9c755556e5bd0cb536fb479d3,0x935b705b5943b0e1b859651d2ccf375bc96dfdd700000000000000000000004c,limit,buy,171260000,150,2025-04-16 19:54:34.954,canceled,2025-04-16 19:54:28.525
0x5c1ce3c96cf05b9e87cac87eb559542b3940613418b69566c479abfcdc0b26a7,0x329e14c73ef0712dd1359d56476f3dd9c1c032f9c755556e5bd0cb536fb479d3,0x935b705b5943b0e1b859651d2ccf375bc96dfdd700000000000000000000004c,limit,sell,171620000,150,2025-04-16 19:54:34.954,canceled,2025-04-16 19:54:28.525
0x6e45e58480c96dc35b88e3ac2e82deb144ed8fd3d0e55e1e0b2cb7ca0d5f0a13,0x329e14c73ef0712dd1359d56476f3dd9c1c032f9c755556e5bd0cb536fb479d3,0x935b705b5943b0e1b859651d2ccf375bc96dfdd700000000000000000000004c,limit,buy,171310000,150,2025-04-16 19:54:28.525,canceled,2025-04-16 19:54:25.369
0x78ee25c460e181547555c07d33124023e9c4e74b3b9511cb62f0c9f5f6e35d90,0x329e14c73ef0712dd1359d56476f3dd9c1c032f9c755556e5bd0cb536fb479d3,0x935b705b5943b0e1b859651d2ccf375bc96dfdd700000000000000000000004c,limit,sell,171620000,150,2025-04-16 19:54:28.525,canceled,2025-04-16 19:54:25.369
0xb6b975ff51b96ba0b4d3ff4be3ec9b48d4af8a4429c4594f5fdbcad211cd8ff3,0x329e14c73ef0712dd1359d56476f3dd9c1c032f9c755556e5bd0cb536fb479d3,0x935b705b5943b0e1b859651d2ccf375bc96dfdd700000000000000000000004c,limit,buy,171260000,150,2025-04-16 19:54:25.369,canceled,2025-04-16 19:54:23.456
0xa297d6b904e5d5d46a91c71b855ef08cff6f84b1d0478af927a0de078b851a68,0x329e14c73ef0712dd1359d56476f3dd9c1c032f9c755556e5bd0cb536fb479d3,0x935b705b5943b0e1b859651d2ccf375bc96dfdd700000000000000000000004c,limit,sell,171500000,150,2025-04-16 19:54:25.369,canceled,2025-04-16 19:54:23.456
0xf95b2924024387e7625476f4721d18bd528fd67bf8672944d87ba53d440133ea,0x329e14c73ef0712dd1359d56476f3dd9c1c032f9c755556e5bd0cb536fb479d3,0x935b705b5943b0e1b859651d2ccf375bc96dfdd700000000000000000000004c,limit,buy,171220000,150,2025-04-16 19:54:23.456,canceled,2025-04-16 19:54:22.009
0x064641af00603f8c830df7e4781a38b6297694c94d9ea6590d42c0ea8af49335,0x329e14c73ef0712dd1359d56476f3dd9c1c032f9c755556e5bd0cb536fb479d3,0x935b705b5943b0e1b859651d2ccf375bc96dfdd700000000000000000000004c,limit,sell,171450000,150,2025-04-16 19:54:23.456,canceled,2025-04-16 19:54:22.009
0x6d8c9c8bcf85f58bf85ce7f2e7a7ab907efc1adbf32d77e1922ad2de6b465432,0x329e14c73ef0712dd1359d56476f3dd9c1c032f9c755556e5bd0cb536fb479d3,0x935b705b5943b0e1b859651d2ccf375bc96dfdd700000000000000000000004c,limit,buy,171110000,150,2025-04-16 19:54:22.009,canceled,2025-04-16 19:54:21.354
0xaf579db22b5f049738d17681055576ed05e6b351bc3fad2b49e6180218d23a2e,0x329e14c73ef0712dd1359d56476f3dd9c1c032f9c755556e5bd0cb536fb479d3,0x935b705b5943b0e1b859651d2ccf375bc96dfdd700000000000000000000004c,limit,sell,171420000,150,2025-04-16 19:54:22.009,canceled,2025-04-16 19:54:21.354
0x3aa429fc492eb287094df4097770761782e8b70c66483701c8ce42831511ed0c,0x329e14c73ef0712dd1359d56476f3dd9c1c032f9c755556e5bd0cb536fb479d3,0x935b705b5943b0e1b859651d2ccf375bc96dfdd700000000000000000000004c,limit,buy,171030000,150,2025-04-16 19:54:21.354,canceled,2025-04-16 19:54:20.688
0xa0566c7c9fe673e3c72ef9c3a05b7e63c272437224a790965414f56196ee456c,0x329e14c73ef0712dd1359d56476f3dd9c1c032f9c755556e5bd0cb536fb479d3,0x935b705b5943b0e1b859651d2ccf375bc96dfdd700000000000000000000004c,limit,sell,171380000,150,2025-04-16 19:54:21.354,canceled,2025-04-16 19:54:20.688
0xc7baa90cd5ed79921daf519e040420768283c2ac391dffc4ca4fa9fefd5a0bf7,0x329e14c73ef0712dd1359d56476f3dd9c1c032f9c755556e5bd0cb536fb479d3,0x935b705b5943b0e1b859651d2ccf375bc96dfdd700000000000000000000004c,limit,buy,170960000,150,2025-04-16 19:54:20.688,canceled,2025-04-16 19:54:16.480
0xa481328be821173deec84468cb5e15779659eb810daa81a0c341e5ff2441062a,0x329e14c73ef0712dd1359d56476f3dd9c1c032f9c755556e5bd0cb536fb479d3,0x935b705b5943b0e1b859651d2ccf375bc96dfdd700000000000000000000004c,limit,sell,171370000,150,2025-04-16 19:54:20.688,canceled,2025-04-16 19:54:16.480
0xcde64a7aad4792c5a87ec358cc1ca1c896c0fa79d4b09e5a0e16068605bcc83e,0x329e14c73ef0712dd1359d56476f3dd9c1c032f9c755556e5bd0cb536fb479d3,0x935b705b5943b0e1b859651d2ccf375bc96dfdd700000000000000000000004c,limit,buy,170990000,150,2025-04-16 19:54:16.480,canceled,2025-04-16 19:54:15.777
0x8f4db1daeb31f25903baea35833fc2b05731c838491c76eba203aba5648c60b4,0x329e14c73ef0712dd1359d56476f3dd9c1c032f9c755556e5bd0cb536fb479d3,0x935b705b5943b0e1b859651d2ccf375bc96dfdd700000000000000000000004c,limit,sell,171370000,150,2025-04-16 19:54:16.480,canceled,2025-04-16 19:54:15.777
0xa90ae1c2a575d2c51e28006e1a84cb188d9f5706e61f5418205e4d40a3214618,0x329e14c73ef0712dd1359d56476f3dd9c1c032f9c755556e5bd0cb536fb479d3,0x935b705b5943b0e1b859651d2ccf375bc96dfdd700000000000000000000004c,limit,buy,171100000,150,2025-04-16 19:54:15.777,canceled,2025-04-16 19:54:15.080
0xb13a670568e6f0a6e8acb5f45b7ba02ac6d11f78030fe6270496aabe3cf61f70,0x329e14c73ef0712dd1359d56476f3dd9c1c032f9c755556e5bd0cb536fb479d3,0x935b705b5943b0e1b859651d2ccf375bc96dfdd700000000000000000000004c,limit,sell,171370000,150,2025-04-16 19:54:15.777,canceled,2025-04-16 19:54:15.080
0xdadf7900b47fc9f5d4f467d1ddff8b907978effdf271e4895e79e1487c981c43,0x329e14c73ef0712dd1359d56476f3dd9c1c032f9c755556e5bd0cb536fb479d3,0x935b705b5943b0e1b859651d2ccf375bc96dfdd700000000000000000000004c,limit,buy,171150000,150,2025-04-16 19:54:15.080,canceled,2025-04-16 19:54:14.536
0xd37bbe64d6862a66cbb59ee611811c2691cfe9119163f4ee35b1182db5c04f6a,0x329e14c73ef0712dd1359d56476f3dd9c1c032f9c755556e5bd0cb536fb479d3,0x935b705b5943b0e1b859651d2ccf375bc96dfdd700000000000000000000004c,limit,sell,171380000,150,2025-04-16 19:54:15.080,canceled,2025-04-16 19:54:14.536
0x1b3ceff86da9dd312a89d5973e91a7b29f3d43f43ee3cd0f223690033e89f963,0x329e14c73ef0712dd1359d56476f3dd9c1c032f9c755556e5bd0cb536fb479d3,0x935b705b5943b0e1b859651d2ccf375bc96dfdd700000000000000000000004c,limit,buy,170960000,150,2025-04-16 19:54:14.536,canceled,2025-04-16 19:53:17.106
0x6d4c4fc0deca72571a2175f356bd8f02d3389ae939060098ad47ab0db22b0669,0x329e14c73ef0712dd1359d56476f3dd9c1c032f9c755556e5bd0cb536fb479d3,0x935b705b5943b0e1b859651d2ccf375bc96dfdd700000000000000000000004c,limit,sell,171420000,150,2025-04-16 19:54:14.536,canceled,2025-04-16 19:53:17.106
0xc68264e04bab28c196ffea0b710a8f5356f09273cebc2bb6f1db14d340f310c6,0x329e14c73ef0712dd1359d56476f3dd9c1c032f9c755556e5bd0cb536fb479d3,0x935b705b5943b0e1b859651d2ccf375bc96dfdd700000000000000000000004c,limit,buy,170980000,150,2025-04-16 19:53:17.106,canceled,2025-04-16 19:53:16.470
0x6c548a9d4536d72e5a2fe59ce395a5d8e683cfc48f3b09e7d66efd45fb48b147,0x329e14c73ef0712dd1359d56476f3dd9c1c032f9c755556e5bd0cb536fb479d3,0x935b705b5943b0e1b859651d2ccf375bc96dfdd700000000000000000000004c,limit,sell,171420000,150,2025-04-16 19:53:17.106,canceled,2025-04-16 19:53:16.470
0x5b623e42a1a80144754c9e85d314dfc31a8f5c82c977a3527593f5adbc062ff9,0x329e14c73ef0712dd1359d56476f3dd9c1c032f9c755556e5bd0cb536fb479d3,0x935b705b5943b0e1b859651d2ccf375bc96dfdd700000000000000000000004c,limit,buy,170980000,150,2025-04-16 19:53:16.470,canceled,2025-04-16 19:53:14.999
0x8b2211ea4862a83e6d611eee05087fae78321454712f55d0d5ea6b18ebad1818,0x329e14c73ef0712dd1359d56476f3dd9c1c032f9c755556e5bd0cb536fb479d3,0x935b705b5943b0e1b859651d2ccf375bc96dfdd700000000000000000000004c,limit,sell,171410000,150,2025-04-16 19:53:16.470,canceled,2025-04-16 19:53:14.999
0xdc1d67e32a38673fa05b1761e270d5046e30ad8c7d56310eafbdb2231efe7833,0x329e14c73ef0712dd1359d56476f3dd9c1c032f9c755556e5bd0cb536fb479d3,0x935b705b5943b0e1b859651d2ccf375bc96dfdd700000000000000000000004c,limit,buy,171080000,150,2025-04-16 19:53:14.999,canceled,2025-04-16 19:53:14.268
0x6146768a988eb502b8f5cf5e9af1933f6a2d3ac95c90471bf16c1e6a9faaa284,0x329e14c73ef0712dd1359d56476f3dd9c1c032f9c755556e5bd0cb536fb479d3,0x935b705b5943b0e1b859651d2ccf375bc96dfdd700000000000000000000004c,limit,sell,171430000,150,2025-04-16 19:53:14.999,canceled,2025-04-16 19:53:14.268
0xac438798a41ac97b76eabff0a5ce2245bb8ae3e230498d1dd4aae621bfa48bdf,0x329e14c73ef0712dd1359d56476f3dd9c1c032f9c755556e5bd0cb536fb479d3,0x935b705b5943b0e1b859651d2ccf375bc96dfdd700000000000000000000004c,limit,buy,171080000,150,2025-04-16 19:53:14.268,canceled,2025-04-16 19:53:12.314
0x64ed71aea87e59298ca9c78ea72965c015242dd80f4b7ffedb53d4bea45c7b7f,0x329e14c73ef0712dd1359d56476f3dd9c1c032f9c755556e5bd0cb536fb479d3,0x935b705b5943b0e1b859651d2ccf375bc96dfdd700000000000000000000004c,limit,sell,171420000,150,2025-04-16 19:53:14.268,canceled,2025-04-16 19:53:12.314
0xf275b6acd3ed307eaa4cde5bd6e4042a655f12b8d01b75a2c02eb81dc4a3e29a,0x329e14c73ef0712dd1359d56476f3dd9c1c032f9c755556e5bd0cb536fb479d3,0x935b705b5943b0e1b859651d2ccf375bc96dfdd700000000000000000000004c,limit,buy,170960000,150,2025-04-16 19:53:12.314,canceled,2025-04-16 19:53:03.576
0xa264ab3cb6a1f57f45c1da92af4823a687d8135e12d776ecd460a6d4ec0ce609,0x329e14c73ef0712dd1359d56476f3dd9c1c032f9c755556e5bd0cb536fb479d3,0x935b705b5943b0e1b859651d2ccf375bc96dfdd700000000000000000000004c,limit,sell,171460000,150,2025-04-16 19:53:12.314,canceled,2025-04-16 19:53:03.576
0xb373eb56c2cfe3c45ecda3236d4b950833f2ef8842810712166856032b24bb7b,0x329e14c73ef0712dd1359d56476f3dd9c1c032f9c755556e5bd0cb536fb479d3,0x935b705b5943b0e1b859651d2ccf375bc96dfdd700000000000000000000004c,limit,buy,170960000,150,2025-04-16 19:53:03.576,canceled,2025-04-16 19:53:01.411
0x436d65a7d751bacb2cd3ecce2f8fdf6b8ea2d5751489c9e37fdacac9120e8478,0x329e14c73ef0712dd1359d56476f3dd9c1c032f9c755556e5bd0cb536fb479d3,0x935b705b5943b0e1b859651d2ccf375bc96dfdd700000000000000000000004c,limit,sell,171280000,150,2025-04-16 19:53:03.576,canceled,2025-04-16 19:53:01.411
0xb67e9b7ec6371c6dfb2e1bb5811ea6a4a371f810adf9bfc68ad9784d919f4e5a,0x329e14c73ef0712dd1359d56476f3dd9c1c032f9c755556e5bd0cb536fb479d3,0x935b705b5943b0e1b859651d2ccf375bc96dfdd700000000000000000000004c,limit,buy,171070000,150,2025-04-16 19:53:01.411,canceled,2025-04-16 19:52:50.411
0xa243b5d72b9de85b590fa9ecc76c8f8122dac127e7fd81b1ac22f5758f70dc79,0x329e14c73ef0712dd1359d56476f3dd9c1c032f9c755556e5bd0cb536fb479d3,0x935b705b5943b0e1b859651d2ccf375bc96dfdd700000000000000000000004c,limit,sell,171460000,150,2025-04-16 19:53:01.411,canceled,2025-04-16 19:52:50.411
0x4cccd9d0bb31a02b202838a0971cfaec22970755038d6a715ba223111a7c1e4d,0x329e14c73ef0712dd1359d56476f3dd9c1c032f9c755556e5bd0cb536fb479d3,0x935b705b5943b0e1b859651d2ccf375bc96dfdd700000000000000000000004c,limit,buy,171070000,150,2025-04-16 19:52:50.411,canceled,2025-04-16 19:52:46.662
0x62aad299e65045fb16a0fd10fb4e045c43ead7fc1fc4539c20acee775e0be5b8,0x329e14c73ef0712dd1359d56476f3dd9c1c032f9c755556e5bd0cb536fb479d3,0x935b705b5943b0e1b859651d2ccf375bc96dfdd700000000000000000000004c,limit,sell,171430000,150,2025-04-16 19:52:50.411,canceled,2025-04-16 19:52:46.662
0x7e2d5ad02c34ffe9c471941882463b22db655b56c460f78ec0f57e505108bb27,0x329e14c73ef0712dd1359d56476f3dd9c1c032f9c755556e5bd0cb536fb479d3,0x935b705b5943b0e1b859651d2ccf375bc96dfdd700000000000000000000004c,limit,buy,171070000,150,2025-04-16 19:52:46.662,canceled,2025-04-16 19:52:42.072
0x1d3386e2f8c3d39f7a0a12d0a9ba59c6eeb1afda3b2fcf2432bd815bedb9c402,0x329e14c73ef0712dd1359d56476f3dd9c1c032f9c755556e5bd0cb536fb479d3,0x935b705b5943b0e1b859651d2ccf375bc96dfdd700000000000000000000004c,limit,sell,171410000,150,2025-04-16 19:52:46.662,canceled,2025-04-16 19:52:42.072
0x80406750a3877295cf73ba06995d1cad187c35283a9f2018347db8435a767399,0x329e14c73ef0712dd1359d56476f3dd9c1c032f9c755556e5bd0cb536fb479d3,0x935b705b5943b0e1b859651d2ccf375bc96dfdd700000000000000000000004c,limit,buy,171060000,150,2025-04-16 19:52:42.072,canceled,2025-04-16 19:52:41.439
0xfb08f6e397745501757d8f8863c58345b222216f69448a82397478706ac6a608,0x329e14c73ef0712dd1359d56476f3dd9c1c032f9c755556e5bd0cb536fb479d3,0x935b705b5943b0e1b859651d2ccf375bc96dfdd700000000000000000000004c,limit,sell,171380000,150,2025-04-16 19:52:42.072,canceled,2025-04-16 19:52:41.439
0xc5d504d3a10a0733455c621fa06910070f3711122dc8e8e56bbce5bfe5dbdee9,0x329e14c73ef0712dd1359d56476f3dd9c1c032f9c755556e5bd0cb536fb479d3,0x935b705b5943b0e1b859651d2ccf375bc96dfdd700000000000000000000004c,limit,buy,170960000,150,2025-04-16 19:52:41.439,canceled,2025-04-16 19:52:36.287
0xd16ff264bb393386dbced14e8e0f237ce5b84cf74b6b4abeeb6196251b38797d,0x329e14c73ef0712dd1359d56476f3dd9c1c032f9c755556e5bd0cb536fb479d3,0x935b705b5943b0e1b859651d2ccf375bc96dfdd700000000000000000000004c,limit,sell,171350000,150,2025-04-16 19:52:41.439,canceled,2025-04-16 19:52:36.287
0x50165f12e0786609be9a5f271d2241286b2294f8854d32b51de4bcfbfdaba9a1,0x329e14c73ef0712dd1359d56476f3dd9c1c032f9c755556e5bd0cb536fb479d3,0x935b705b5943b0e1b859651d2ccf375bc96dfdd700000000000000000000004c,limit,buy,170960000,150,2025-04-16 19:52:36.287,canceled,2025-04-16 19:52:34.469
0x8b60adc91788c6da6685478c17321d00f18ef347fbf5074b41d2f0321d93b8cc,0x329e14c73ef0712dd1359d56476f3dd9c1c032f9c755556e5bd0cb536fb479d3,0x935b705b5943b0e1b859651d2ccf375bc96dfdd700000000000000000000004c,limit,sell,171340000,150,2025-04-16 19:52:36.287,canceled,2025-04-16 19:52:34.469
0x25efc1092169af718cb3e195a914b898ae4fdcc3ca7168ebe9a793c585556d2d,0x329e14c73ef0712dd1359d56476f3dd9c1c032f9c755556e5bd0cb536fb479d3,0x935b705b5943b0e1b859651d2ccf375bc96dfdd700000000000000000000004c,limit,buy,171120000,150,2025-04-16 19:52:34.469,canceled,2025-04-16 19:52:32.556
0xe12ebafe075ba017ea5d85e0d77327bf3406a78cde630451b5205571ca29e8b8,0x329e14c73ef0712dd1359d56476f3dd9c1c032f9c755556e5bd0cb536fb479d3,0x935b705b5943b0e1b859651d2ccf375bc96dfdd700000000000000000000004c,limit,sell,171410000,150,2025-04-16 19:52:34.469,canceled,2025-04-16 19:52:32.556
0x23274b4d2d413292337e095af84ad053e5d3fa4cad406fc0c95eab2aba876b66,0x329e14c73ef0712dd1359d56476f3dd9c1c032f9c755556e5bd0cb536fb479d3,0x935b705b5943b0e1b859651d2ccf375bc96dfdd700000000000000000000004c,limit,buy,170960000,150,2025-04-16 19:52:32.556,canceled,2025-04-16 19:52:23.567
0x24c92cee384add039002044416d35e9683874938868ed0b56c2cafc2a0e5e1e2,0x329e14c73ef0712dd1359d56476f3dd9c1c032f9c755556e5bd0cb536fb479d3,0x935b705b5943b0e1b859651d2ccf375bc96dfdd700000000000000000000004c,limit,sell,171320000,150,2025-04-16 19:52:32.556,canceled,2025-04-16 19:52:23.567
0x0dfbf34889f9311fd7607a831cb89f86168f150a89a174c8524ee4476f039dc2,0x329e14c73ef0712dd1359d56476f3dd9c1c032f9c755556e5bd0cb536fb479d3,0x935b705b5943b0e1b859651d2ccf375bc96dfdd700000000000000000000004c,limit,buy,170780000,150,2025-04-16 19:52:23.567,canceled,2025-04-16 19:52:15.288
0x2da69400cff7317b5670a3525922aae5d79f0a877071ae1de01e03d049f217be,0x329e14c73ef0712dd1359d56476f3dd9c1c032f9c755556e5bd0cb536fb479d3,0x935b705b5943b0e1b859651d2ccf375bc96dfdd700000000000000000000004c,limit,sell,171320000,150,2025-04-16 19:52:23.567,canceled,2025-04-16 19:52:15.288
0x48536a9552607a4ffea966a604bb603e64687b4e27c61f26dddf884de33b9b5f,0x329e14c73ef0712dd1359d56476f3dd9c1c032f9c755556e5bd0cb536fb479d3,0x935b705b5943b0e1b859651d2ccf375bc96dfdd700000000000000000000004c,limit,buy,170840000,150,2025-04-16 19:52:15.288,canceled,2025-04-16 19:52:14.623
0xde2a6df99d638eb0d6cdb1c799afe7e40fe1f7f6bc233703ce2a954513c4a125,0x329e14c73ef0712dd1359d56476f3dd9c1c032f9c755556e5bd0cb536fb479d3,0x935b705b5943b0e1b859651d2ccf375bc96dfdd700000000000000000000004c,limit,sell,171320000,150,2025-04-16 19:52:15.288,canceled,2025-04-16 19:52:14.623
0x28f3ef4f6d0db252bb503bb1ba6aacda9581194170a12cd06dca22639b2fd44b,0x329e14c73ef0712dd1359d56476f3dd9c1c032f9c755556e5bd0cb536fb479d3,0x935b705b5943b0e1b859651d2ccf375bc96dfdd700000000000000000000004c,limit,buy,170960000,150,2025-04-16 19:52:14.623,canceled,2025-04-16 19:52:10.745
0xac25c84daa17ee4e85a704ecb2d2f0d3905d57676ef531e5edace8f585822e8a,0x329e14c73ef0712dd1359d56476f3dd9c1c032f9c755556e5bd0cb536fb479d3,0x935b705b5943b0e1b859651d2ccf375bc96dfdd700000000000000000000004c,limit,sell,171320000,150,2025-04-16 19:52:14.623,canceled,2025-04-16 19:52:10.745
0xb9336a0cd9ede9b749fb8f22498c5de2ea01c180251bf6b2fd3e47847943c86b,0x329e14c73ef0712dd1359d56476f3dd9c1c032f9c755556e5bd0cb536fb479d3,0x935b705b5943b0e1b859651d2ccf375bc96dfdd700000000000000000000004c,limit,buy,170970000,150,2025-04-16 19:52:10.745,canceled,2025-04-16 19:51:46.536
0xedd5d8fe91922b2d3d188b3c330f921c8aebe8242b9c463855d58acde4cf7929,0x329e14c73ef0712dd1359d56476f3dd9c1c032f9c755556e5bd0cb536fb479d3,0x935b705b5943b0e1b859651d2ccf375bc96dfdd700000000000000000000004c,limit,sell,171330000,150,2025-04-16 19:52:10.745,canceled,2025-04-16 19:51:46.536
0xf76e2a6b9a3ef5e6f4670bf9d6bf7a0bb6c73b274f05fe825a2cdddc621de831,0x329e14c73ef0712dd1359d56476f3dd9c1c032f9c755556e5bd0cb536fb479d3,0x935b705b5943b0e1b859651d2ccf375bc96dfdd700000000000000000000004c,limit,buy,170970000,150,2025-04-16 19:51:46.536,canceled,2025-04-16 19:51:45.270
0x3ccf5864b87366508e3d8eafc2817910f8ee9e9c31c6deef8e6ca97f31ac3dc6,0x329e14c73ef0712dd1359d56476f3dd9c1c032f9c755556e5bd0cb536fb479d3,0x935b705b5943b0e1b859651d2ccf375bc96dfdd700000000000000000000004c,limit,sell,171260000,150,2025-04-16 19:51:46.536,canceled,2025-04-16 19:51:45.270
0x65f6b5e828708d522b24524f90748b98481e5ca18ecf7c2e2c9c9ac27f8b3548,0x329e14c73ef0712dd1359d56476f3dd9c1c032f9c755556e5bd0cb536fb479d3,0x935b705b5943b0e1b859651d2ccf375bc96dfdd700000000000000000000004c,limit,buy,170820000,150,2025-04-16 19:51:45.270,canceled,2025-04-16 19:51:41.308
0xfd8612b94f997bb7146bd9a5305a03cb6bdb1421acbf37d2d3e3824f30a32822,0x329e14c73ef0712dd1359d56476f3dd9c1c032f9c755556e5bd0cb536fb479d3,0x935b705b5943b0e1b859651d2ccf375bc96dfdd700000000000000000000004c,limit,sell,171190000,150,2025-04-16 19:51:45.270,canceled,2025-04-16 19:51:41.308
0x423e57dcdea04f2764c54c6e8948e76a7d7b98226c92700ca8caf0d650a933a6,0x329e14c73ef0712dd1359d56476f3dd9c1c032f9c755556e5bd0cb536fb479d3,0x935b705b5943b0e1b859651d2ccf375bc96dfdd700000000000000000000004c,limit,buy,170830000,150,2025-04-16 19:51:41.308,canceled,2025-04-16 19:51:40.614
0x93968f36d9243bf83e0b18d5e27e09e9c1d7e0360b6d8eb500b65c1bd160fc0a,0x329e14c73ef0712dd1359d56476f3dd9c1c032f9c755556e5bd0cb536fb479d3,0x935b705b5943b0e1b859651d2ccf375bc96dfdd700000000000000000000004c,limit,sell,171190000,150,2025-04-16 19:51:41.308,canceled,2025-04-16 19:51:40.614
0x5f60229e796bdaedf37c60d3fc12aff908944c927fe018626c1244d267808f66,0x329e14c73ef0712dd1359d56476f3dd9c1c032f9c755556e5bd0cb536fb479d3,0x935b705b5943b0e1b859651d2ccf375bc96dfdd700000000000000000000004c,limit,buy,170940000,150,2025-04-16 19:51:40.614,canceled,2025-04-16 19:51:39.961
0xe0270b7ca8baae7b095d21418f028f356f82c9939bf324e2de8763299933b424,0x329e14c73ef0712dd1359d56476f3dd9c1c032f9c755556e5bd0cb536fb479d3,0x935b705b5943b0e1b859651d2ccf375bc96dfdd700000000000000000000004c,limit,sell,171190000,150,2025-04-16 19:51:40.614,canceled,2025-04-16 19:51:39.961
0x048f3a8df668b1d9b161c72ca2e9b165f62fa3beaa26e2de21d433b96167fce8,0x329e14c73ef0712dd1359d56476f3dd9c1c032f9c755556e5bd0cb536fb479d3,0x935b705b5943b0e1b859651d2ccf375bc96dfdd700000000000000000000004c,limit,buy,170720000,150,2025-04-16 19:51:39.961,canceled,2025-04-16 19:51:22.955
0x343957a9e4a8ccc76ade43ba4ee92189b82058030be5440add0b4f084732aaa3,0x329e14c73ef0712dd1359d56476f3dd9c1c032f9c755556e5bd0cb536fb479d3,0x935b705b5943b0e1b859651d2ccf375bc96dfdd700000000000000000000004c,limit,sell,171180000,150,2025-04-16 19:51:39.961,canceled,2025-04-16 19:51:22.955
0x93f837be4b5b8a869c292af367b530a2748f221aa094a0bcaf7e6bf7d0c0aa46,0x329e14c73ef0712dd1359d56476f3dd9c1c032f9c755556e5bd0cb536fb479d3,0x935b705b5943b0e1b859651d2ccf375bc96dfdd700000000000000000000004c,limit,buy,170720000,150,2025-04-16 19:51:22.955,canceled,2025-04-16 19:51:20.941
0xead4a4c19703b090cd7ea877470e9dc1c50b0b8e2e784046738bd5b6cbe7fe05,0x329e14c73ef0712dd1359d56476f3dd9c1c032f9c755556e5bd0cb536fb479d3,0x935b705b5943b0e1b859651d2ccf375bc96dfdd700000000000000000000004c,limit,sell,171080000,150,2025-04-16 19:51:22.955,canceled,2025-04-16 19:51:20.941
0x55a025fa185918ff1976514051049fb1fedba16b2857933e5806c778ed6e9aa7,0x329e14c73ef0712dd1359d56476f3dd9c1c032f9c755556e5bd0cb536fb479d3,0x935b705b5943b0e1b859651d2ccf375bc96dfdd700000000000000000000004c,limit,buy,170730000,150,2025-04-16 19:51:20.941,canceled,2025-04-16 19:51:20.315
0xbd0e515115a7648ba844b46a8fa9352f4c93260a8cdab4b93d052744816c218a,0x329e14c73ef0712dd1359d56476f3dd9c1c032f9c755556e5bd0cb536fb479d3,0x935b705b5943b0e1b859651d2ccf375bc96dfdd700000000000000000000004c,limit,sell,171080000,150,2025-04-16 19:51:20.941,canceled,2025-04-16 19:51:20.315
0x19bc973d12fe4afc75477eccdff14c9b8c6d3f5958865d244ba32b4438216b57,0x329e14c73ef0712dd1359d56476f3dd9c1c032f9c755556e5bd0cb536fb479d3,0x935b705b5943b0e1b859651d2ccf375bc96dfdd700000000000000000000004c,limit,buy,170930000,150,2025-04-16 19:51:20.315,canceled,2025-04-16 19:51:19.858
0xc2cfc5df66deea21b551bd76ba61a02378c1156c242b0d92d1cb9eb81c72c0af,0x329e14c73ef0712dd1359d56476f3dd9c1c032f9c755556e5bd0cb536fb479d3,0x935b705b5943b0e1b859651d2ccf375bc96dfdd700000000000000000000004c,limit,sell,171190000,150,2025-04-16 19:51:20.315,canceled,2025-04-16 19:51:19.858
0x7a6ce76987caa54a961949629657a9ca40593cd6e1375d33a7f44f95ca76c8d4,0x329e14c73ef0712dd1359d56476f3dd9c1c032f9c755556e5bd0cb536fb479d3,0x935b705b5943b0e1b859651d2ccf375bc96dfdd700000000000000000000004c,limit,buy,170810000,150,2025-04-16 19:51:19.858,canceled,2025-04-16 19:51:14.134
0x8c4e9702024ae85c9863086a6e92f04b69e363c68974c71d340c051d97b18d47,0x329e14c73ef0712dd1359d56476f3dd9c1c032f9c755556e5bd0cb536fb479d3,0x935b705b5943b0e1b859651d2ccf375bc96dfdd700000000000000000000004c,limit,sell,171170000,150,2025-04-16 19:51:19.858,canceled,2025-04-16 19:51:14.134
0x4767f7e97e2e817f1084718982feecff443b0cf78c579233ef0e1d070cbf4c18,0x329e14c73ef0712dd1359d56476f3dd9c1c032f9c755556e5bd0cb536fb479d3,0x935b705b5943b0e1b859651d2ccf375bc96dfdd700000000000000000000004c,limit,buy,170810000,150,2025-04-16 19:51:14.134,canceled,2025-04-16 19:51:13.493
0xd0004075e75b4d69eaa3926622b105994abb135c1f33aab51fd44579538e843d,0x329e14c73ef0712dd1359d56476f3dd9c1c032f9c755556e5bd0cb536fb479d3,0x935b705b5943b0e1b859651d2ccf375bc96dfdd700000000000000000000004c,limit,sell,171130000,150,2025-04-16 19:51:14.134,canceled,2025-04-16 19:51:13.493
0xa87b3db85fc27d923005c42255f107a6736e8016898a9fcca81adb9dc0283088,0x329e14c73ef0712dd1359d56476f3dd9c1c032f9c755556e5bd0cb536fb479d3,0x935b705b5943b0e1b859651d2ccf375bc96dfdd700000000000000000000004c,limit,buy,170710000,150,2025-04-16 19:51:13.493,canceled,2025-04-16 19:51:12.800
0x5a03697edc6710d946df9f79df89672a35fe953a51c27a0e3734271be4a54b78,0x329e14c73ef0712dd1359d56476f3dd9c1c032f9c755556e5bd0cb536fb479d3,0x935b705b5943b0e1b859651d2ccf375bc96dfdd700000000000000000000004c,limit,sell,171000000,150,2025-04-16 19:51:13.493,canceled,2025-04-16 19:51:12.800
0x983e25835b3416e4afe557a84c8c4a6e522d279b786181f45bf0fcd160451630,0x329e14c73ef0712dd1359d56476f3dd9c1c032f9c755556e5bd0cb536fb479d3,0x935b705b5943b0e1b859651d2ccf375bc96dfdd700000000000000000000004c,limit,buy,170610000,150,2025-04-16 19:51:12.800,canceled,2025-04-16 19:51:10.974
0x819535fddf66218d1a620ff1542b3a05f954d1eee6f3b48d7b27690eaf8f4dcb,0x329e14c73ef0712dd1359d56476f3dd9c1c032f9c755556e5bd0cb536fb479d3,0x935b705b5943b0e1b859651d2ccf375bc96dfdd700000000000000000000004c,limit,sell,170970000,150,2025-04-16 19:51:12.800,canceled,2025-04-16 19:51:10.974
0x66ebc82a2b37ec36e95335bbd5579b76f9faa355ae62d577233ab7596f65c13c,0x329e14c73ef0712dd1359d56476f3dd9c1c032f9c755556e5bd0cb536fb479d3,0x935b705b5943b0e1b859651d2ccf375bc96dfdd700000000000000000000004c,limit,buy,170610000,150,2025-04-16 19:51:10.974,canceled,2025-04-16 19:51:08.904
0x32bf95c75e15b6e650404cf78c4d5507bfafc3027a7538ba3bad923b7bc417c2,0x329e14c73ef0712dd1359d56476f3dd9c1c032f9c755556e5bd0cb536fb479d3,0x935b705b5943b0e1b859651d2ccf375bc96dfdd700000000000000000000004c,limit,sell,170900000,150,2025-04-16 19:51:10.974,canceled,2025-04-16 19:51:08.904
0x661a4bf61e0f0639f218bf72107c508fa1558d8635c81bbe1698b119da39d0f1,0x329e14c73ef0712dd1359d56476f3dd9c1c032f9c755556e5bd0cb536fb479d3,0x935b705b5943b0e1b859651d2ccf375bc96dfdd700000000000000000000004c,limit,buy,170660000,150,2025-04-16 19:51:08.904,canceled,2025-04-16 19:51:03.902
0x4c055efe66547b81c6d1875403c81417bf358d35347689dfc1b6e56c76f254ed,0x329e14c73ef0712dd1359d56476f3dd9c1c032f9c755556e5bd0cb536fb479d3,0x935b705b5943b0e1b859651d2ccf375bc96dfdd700000000000000000000004c,limit,sell,171060000,150,2025-04-16 19:51:08.904,canceled,2025-04-16 19:51:03.902
0xbb94cfd0a11a98d58247e4f008d298f91fe89c9bd1acff8fdc97d3e8256d7ccd,0x329e14c73ef0712dd1359d56476f3dd9c1c032f9c755556e5bd0cb536fb479d3,0x935b705b5943b0e1b859651d2ccf375bc96dfdd700000000000000000000004c,limit,buy,170680000,150,2025-04-16 19:51:03.902,canceled,2025-04-16 19:51:03.234
0x04715d1785bcab30ab33a4deb676cd35e68af88dc87061a8e96625fab940cc34,0x329e14c73ef0712dd1359d56476f3dd9c1c032f9c755556e5bd0cb536fb479d3,0x935b705b5943b0e1b859651d2ccf375bc96dfdd700000000000000000000004c,limit,sell,171060000,150,2025-04-16 19:51:03.902,canceled,2025-04-16 19:51:03.234
0x485f6d4c9fbbf139726789bebb91051078344267b935d95a4144beceb1a98e2d,0x329e14c73ef0712dd1359d56476f3dd9c1c032f9c755556e5bd0cb536fb479d3,0x935b705b5943b0e1b859651d2ccf375bc96dfdd700000000000000000000004c,limit,buy,170810000,150,2025-04-16 19:51:03.234,canceled,2025-04-16 19:50:59.376
0x9ba2ea946c995c1e3d991bfebbce78c4d3e8a2cc351c51517f412f0719104ff7,0x329e14c73ef0712dd1359d56476f3dd9c1c032f9c755556e5bd0cb536fb479d3,0x935b705b5943b0e1b859651d2ccf375bc96dfdd700000000000000000000004c,limit,sell,171280000,150,2025-04-16 19:51:03.234,canceled,2025-04-16 19:50:59.376
0x6fd04e763b3f1e062cba097df355872afbffe903fbc3e2733d2574a20b40d9a8,0x329e14c73ef0712dd1359d56476f3dd9c1c032f9c755556e5bd0cb536fb479d3,0x935b705b5943b0e1b859651d2ccf375bc96dfdd700000000000000000000004c,limit,buy,170880000,150,2025-04-16 19:50:59.376,canceled,2025-04-16 19:50:52.595
0xf87deb687cbacbe0448b2a11bf197ceb7df271912e9873d184e9b9a72fd435ed,0x329e14c73ef0712dd1359d56476f3dd9c1c032f9c755556e5bd0cb536fb479d3,0x935b705b5943b0e1b859651d2ccf375bc96dfdd700000000000000000000004c,limit,sell,171350000,150,2025-04-16 19:50:59.376,canceled,2025-04-16 19:50:52.595
0xe2e48eb82a414e0647fe5a8935f9db3b7382653ddcbc4b4925127cd4c099f66e,0x329e14c73ef0712dd1359d56476f3dd9c1c032f9c755556e5bd0cb536fb479d3,0x935b705b5943b0e1b859651d2ccf375bc96dfdd700000000000000000000004c,limit,buy,170930000,150,2025-04-16 19:50:52.595,canceled,2025-04-16 19:50:51.958
0x8443b8f19ed55a6363ac18c30ee1f2710c3aa5851bc9e21a0fd8f481adcc5de1,0x329e14c73ef0712dd1359d56476f3dd9c1c032f9c755556e5bd0cb536fb479d3,0x935b705b5943b0e1b859651d2ccf375bc96dfdd700000000000000000000004c,limit,sell,171310000,150,2025-04-16 19:50:52.595,canceled,2025-04-16 19:50:51.958
0x967d3c14693f764a9ca110da5b7bcca81edb7c70789ce0cdcd9d97f55a8cec83,0x329e14c73ef0712dd1359d56476f3dd9c1c032f9c755556e5bd0cb536fb479d3,0x935b705b5943b0e1b859651d2ccf375bc96dfdd700000000000000000000004c,limit,buy,171120000,150,2025-04-16 19:50:51.958,canceled,2025-04-16 19:50:50.009
0x75aa127412d44080d92d9899da240fd71d8e2694bca1588192da0cd71008f9fa,0x329e14c73ef0712dd1359d56476f3dd9c1c032f9c755556e5bd0cb536fb479d3,0x935b705b5943b0e1b859651d2ccf375bc96dfdd700000000000000000000004c,limit,sell,171500000,150,2025-04-16 19:50:51.958,canceled,2025-04-16 19:50:50.009
0x5a966ee29b02b63741002e1ddafc696652d32b178b18ee21fa9cfa17ec7cdcf3,0x329e14c73ef0712dd1359d56476f3dd9c1c032f9c755556e5bd0cb536fb479d3,0x935b705b5943b0e1b859651d2ccf375bc96dfdd700000000000000000000004c,limit,buy,171120000,150,2025-04-16 19:50:50.009,canceled,2025-04-16 19:50:49.354
0xc98b5d555004e4c62ccbb8a2b8bcb49e80eefb260d41e6cfbadde3520216c736,0x329e14c73ef0712dd1359d56476f3dd9c1c032f9c755556e5bd0cb536fb479d3,0x935b705b5943b0e1b859651d2ccf375bc96dfdd700000000000000000000004c,limit,sell,171470000,150,2025-04-16 19:50:50.009,canceled,2025-04-16 19:50:49.354
0xba6ac7a5574befd8d6ccc688d7d91689288a6b71a870d8cf74252d90ebbce383,0x329e14c73ef0712dd1359d56476f3dd9c1c032f9c755556e5bd0cb536fb479d3,0x935b705b5943b0e1b859651d2ccf375bc96dfdd700000000000000000000004c,limit,buy,171200000,150,2025-04-16 19:50:49.354,canceled,2025-04-16 19:50:47.381
0xae63ac3e1684b801d8872601e0a09d2d860285b5d79fef0ec919cd17e745e3f3,0x329e14c73ef0712dd1359d56476f3dd9c1c032f9c755556e5bd0cb536fb479d3,0x935b705b5943b0e1b859651d2ccf375bc96dfdd700000000000000000000004c,limit,sell,171500000,150,2025-04-16 19:50:49.354,canceled,2025-04-16 19:50:47.381
0x31f157745aa62a620dc07ad7e58c91e02ea2f8de1d50c72090073ea1e2210b5f,0x329e14c73ef0712dd1359d56476f3dd9c1c032f9c755556e5bd0cb536fb479d3,0x935b705b5943b0e1b859651d2ccf375bc96dfdd700000000000000000000004c,limit,buy,171110000,150,2025-04-16 19:50:47.381,canceled,2025-04-16 19:50:41.445
0x8d0f2fe439183fc93004071fb881126a59528a911cb9f1b6c4e3cd36bbcef224,0x329e14c73ef0712dd1359d56476f3dd9c1c032f9c755556e5bd0cb536fb479d3,0x935b705b5943b0e1b859651d2ccf375bc96dfdd700000000000000000000004c,limit,sell,171440000,150,2025-04-16 19:50:47.381,canceled,2025-04-16 19:50:41.445
0x66e427e6a22751fb6c1229a65cf8b14687908ed7973b41a2393cfa3ddda36336,0x329e14c73ef0712dd1359d56476f3dd9c1c032f9c755556e5bd0cb536fb479d3,0x935b705b5943b0e1b859651d2ccf375bc96dfdd700000000000000000000004c,limit,buy,171110000,150,2025-04-16 19:50:41.445,canceled,2025-04-16 19:50:39.434
0xc3576cf63063acaf1f841c0e35fa08de4211b6dcdd0bec2746430b150d64701a,0x329e14c73ef0712dd1359d56476f3dd9c1c032f9c755556e5bd0cb536fb479d3,0x935b705b5943b0e1b859651d2ccf375bc96dfdd700000000000000000000004c,limit,sell,171380000,150,2025-04-16 19:50:41.445,canceled,2025-04-16 19:50:39.434
0x93ae79db656c530ba54144bb4326b34344f6eabc81adaa1dd419f09ae742968c,0x329e14c73ef0712dd1359d56476f3dd9c1c032f9c755556e5bd0cb536fb479d3,0x935b705b5943b0e1b859651d2ccf375bc96dfdd700000000000000000000004c,limit,buy,171120000,150,2025-04-16 19:50:39.434,canceled,2025-04-16 19:50:28.140
0x639345c0d9f44fa7b7e88ea5a083d00a47cf8d5efe8f1a961c8b2f6aba6ea90d,0x329e14c73ef0712dd1359d56476f3dd9c1c032f9c755556e5bd0cb536fb479d3,0x935b705b5943b0e1b859651d2ccf375bc96dfdd700000000000000000000004c,limit,sell,171440000,150,2025-04-16 19:50:39.434,canceled,2025-04-16 19:50:28.140
0x254198dd48b5abe1b065152b196a4039f207cafb8bc3b4989add8951c682994e,0x329e14c73ef0712dd1359d56476f3dd9c1c032f9c755556e5bd0cb536fb479d3,0x935b705b5943b0e1b859651d2ccf375bc96dfdd700000000000000000000004c,limit,buy,171070000,150,2025-04-16 19:50:28.140,canceled,2025-04-16 19:50:21.807
0x70edd81efa5d3e372d3b8aa1d07be5f7fe1415f19740b58c87198f642d8789b6,0x329e14c73ef0712dd1359d56476f3dd9c1c032f9c755556e5bd0cb536fb479d3,0x935b705b5943b0e1b859651d2ccf375bc96dfdd700000000000000000000004c,limit,sell,171380000,150,2025-04-16 19:50:28.140,canceled,2025-04-16 19:50:21.807
0x96937556c4e0649bbc983c6f56f5ff5a6d0f7ed5b7c36ab4c51ad5c771371c61,0x329e14c73ef0712dd1359d56476f3dd9c1c032f9c755556e5bd0cb536fb479d3,0x935b705b5943b0e1b859651d2ccf375bc96dfdd700000000000000000000004c,limit,buy,171110000,150,2025-04-16 19:50:21.807,canceled,2025-04-16 19:50:21.083
0x0f354aa2a87e1bf14fca458f7bb8412ea7ab318df5ab7867d9648dea29714643,0x329e14c73ef0712dd1359d56476f3dd9c1c032f9c755556e5bd0cb536fb479d3,0x935b705b5943b0e1b859651d2ccf375bc96dfdd700000000000000000000004c,limit,sell,171380000,150,2025-04-16 19:50:21.807,canceled,2025-04-16 19:50:21.083
0xf5eac9cb0cf47ea777215294767f227b439dbad8196c2b2a7ed374a3927bc66b,0x329e14c73ef0712dd1359d56476f3dd9c1c032f9c755556e5bd0cb536fb479d3,0x935b705b5943b0e1b859651d2ccf375bc96dfdd700000000000000000000004c,limit,buy,171070000,150,2025-04-16 19:50:21.083,canceled,2025-04-16 19:50:20.148
0x0aca92b46e662b578eb3d42db668551cedf8b92db76c296c0f53164a403987ed,0x329e14c73ef0712dd1359d56476f3dd9c1c032f9c755556e5bd0cb536fb479d3,0x935b705b5943b0e1b859651d2ccf375bc96dfdd700000000000000000000004c,limit,sell,171340000,150,2025-04-16 19:50:21.083,canceled,2025-04-16 19:50:20.148
0xde01c5dcc924b33445042aeb66d9a4ce7ca5c98c82d253f000c5ca29af7ab4de,0x329e14c73ef0712dd1359d56476f3dd9c1c032f9c755556e5bd0cb536fb479d3,0x935b705b5943b0e1b859651d2ccf375bc96dfdd700000000000000000000004c,limit,buy,170770000,150,2025-04-16 19:50:20.148,canceled,2025-04-16 19:50:13.319
0xd4a2fc1a2941667e50db2622ca699306116721a0610de26e2d93cf889ef210f5,0x329e14c73ef0712dd1359d56476f3dd9c1c032f9c755556e5bd0cb536fb479d3,0x935b705b5943b0e1b859651d2ccf375bc96dfdd700000000000000000000004c,limit,sell,171270000,150,2025-04-16 19:50:20.148,canceled,2025-04-16 19:50:13.319
0xea4f2dfcc5f2ecba7ac061f2099c233b2ec35ba418136f2bc9cfe4e7342e328e,0x329e14c73ef0712dd1359d56476f3dd9c1c032f9c755556e5bd0cb536fb479d3,0x935b705b5943b0e1b859651d2ccf375bc96dfdd700000000000000000000004c,limit,buy,170900000,150,2025-04-16 19:50:13.319,canceled,2025-04-16 19:50:12.651
0x67e584a8ab10147bfe7ef0d47cad484d2436427d56d1c9c921c76f9b8dc90fec,0x329e14c73ef0712dd1359d56476f3dd9c1c032f9c755556e5bd0cb536fb479d3,0x935b705b5943b0e1b859651d2ccf375bc96dfdd700000000000000000000004c,limit,sell,171270000,150,2025-04-16 19:50:13.319,canceled,2025-04-16 19:50:12.651
0xefc19d8ae3cb031e059312a29f2bbc3d55dae1fa00e17696091aa443bc2268c2,0x329e14c73ef0712dd1359d56476f3dd9c1c032f9c755556e5bd0cb536fb479d3,0x935b705b5943b0e1b859651d2ccf375bc96dfdd700000000000000000000004c,limit,buy,170920000,150,2025-04-16 19:50:12.651,canceled,2025-04-16 19:50:06.877
0xf0abf06d70635296a16266dec0619f0607a5ce7c1d33edf937b810b7c4c14a1c,0x329e14c73ef0712dd1359d56476f3dd9c1c032f9c755556e5bd0cb536fb479d3,0x935b705b5943b0e1b859651d2ccf375bc96dfdd700000000000000000000004c,limit,sell,171270000,150,2025-04-16 19:50:12.651,canceled,2025-04-16 19:50:06.877
0x4953d0c57e3f920339928c6b1feb529c69ed06a0fb62f9d3139aecc02905d4c3,0x329e14c73ef0712dd1359d56476f3dd9c1c032f9c755556e5bd0cb536fb479d3,0x935b705b5943b0e1b859651d2ccf375bc96dfdd700000000000000000000004c,limit,buy,170980000,150,2025-04-16 19:50:06.877,canceled,2025-04-16 19:50:03.424
0xac286ff083ff0b8ec767c8078e6e94fc961579a536ad331cca8f80876278b0ce,0x329e14c73ef0712dd1359d56476f3dd9c1c032f9c755556e5bd0cb536fb479d3,0x935b705b5943b0e1b859651d2ccf375bc96dfdd700000000000000000000004c,limit,sell,171380000,150,2025-04-16 19:50:06.877,canceled,2025-04-16 19:50:03.424
0x4a37cc4c566314b4d2fa19d33c5beabec37960259ec106083a7fed23af49a2ce,0x329e14c73ef0712dd1359d56476f3dd9c1c032f9c755556e5bd0cb536fb479d3,0x935b705b5943b0e1b859651d2ccf375bc96dfdd700000000000000000000004c,limit,buy,171280000,150,2025-04-16 19:50:03.424,canceled,2025-04-16 19:50:01.561
0xc5eb580be0b20395c0801a7dc49f18b70a534d9d09bc4caee987d1cd144af257,0x329e14c73ef0712dd1359d56476f3dd9c1c032f9c755556e5bd0cb536fb479d3,0x935b705b5943b0e1b859651d2ccf375bc96dfdd700000000000000000000004c,limit,sell,171650000,150,2025-04-16 19:50:03.424,canceled,2025-04-16 19:50:01.561
0x2e40516a7c2c1a378c0601a0afca6ff6a491330f41d240df4320832a363af232,0x329e14c73ef0712dd1359d56476f3dd9c1c032f9c755556e5bd0cb536fb479d3,0x935b705b5943b0e1b859651d2ccf375bc96dfdd700000000000000000000004c,limit,buy,171170000,150,2025-04-16 19:50:01.561,canceled,2025-04-16 19:49:59.856
0x7ec40183cbddc8d88e61a266ae4f1df59d4acc12d24d32e78fe5bacb66b782dd,0x329e14c73ef0712dd1359d56476f3dd9c1c032f9c755556e5bd0cb536fb479d3,0x935b705b5943b0e1b859651d2ccf375bc96dfdd700000000000000000000004c,limit,sell,171540000,150,2025-04-16 19:50:01.561,canceled,2025-04-16 19:49:59.856
0x1921f137bf729554d64104601eda35e7472c760df3cd5a6f469a69485b98a26a,0x329e14c73ef0712dd1359d56476f3dd9c1c032f9c755556e5bd0cb536fb479d3,0x935b705b5943b0e1b859651d2ccf375bc96dfdd700000000000000000000004c,limit,buy,170990000,150,2025-04-16 19:49:59.856,canceled,2025-04-16 19:49:57.918
0x59d441f96b84ef360f52eb82b55a6457be3c4bf5633c36bf706bdb1687944018,0x329e14c73ef0712dd1359d56476f3dd9c1c032f9c755556e5bd0cb536fb479d3,0x935b705b5943b0e1b859651d2ccf375bc96dfdd700000000000000000000004c,limit,sell,171320000,150,2025-04-16 19:49:59.856,canceled,2025-04-16 19:49:57.918
0x820d38d92bc9afb191aaf7bdccda7ae11a8d1fb73e950500edb1c64da4afb666,0x329e14c73ef0712dd1359d56476f3dd9c1c032f9c755556e5bd0cb536fb479d3,0x935b705b5943b0e1b859651d2ccf375bc96dfdd700000000000000000000004c,limit,buy,171020000,150,2025-04-16 19:49:57.918,canceled,2025-04-16 19:49:56.729
0xb4c2e42d5d8956962757c87eb90872f8a6fda8d3d120d990c2584d414d6dfc47,0x329e14c73ef0712dd1359d56476f3dd9c1c032f9c755556e5bd0cb536fb479d3,0x935b705b5943b0e1b859651d2ccf375bc96dfdd700000000000000000000004c,limit,sell,171300000,150,2025-04-16 19:49:57.918,canceled,2025-04-16 19:49:56.729
0xce8654afd872a1d8fff03efe249557c4ee4e4be97cf5d6d80f07c857397f5161,0x329e14c73ef0712dd1359d56476f3dd9c1c032f9c755556e5bd0cb536fb479d3,0x935b705b5943b0e1b859651d2ccf375bc96dfdd700000000000000000000004c,limit,buy,170960000,150,2025-04-16 19:49:56.729,canceled,2025-04-16 19:49:56.113
0x65e5fe3ee0282f2df2f9a1b460d77ac579fa5f3331e8598cb55eea9bc6acdd5f,0x329e14c73ef0712dd1359d56476f3dd9c1c032f9c755556e5bd0cb536fb479d3,0x935b705b5943b0e1b859651d2ccf375bc96dfdd700000000000000000000004c,limit,sell,171260000,150,2025-04-16 19:49:56.729,canceled,2025-04-16 19:49:56.113
0xcf0a3a74822a46e25b6ab8b9b30be0083d7d14bb2312457c3a19da5cc4df5fa3,0x329e14c73ef0712dd1359d56476f3dd9c1c032f9c755556e5bd0cb536fb479d3,0x935b705b5943b0e1b859651d2ccf375bc96dfdd700000000000000000000004c,limit,buy,171000000,150,2025-04-16 19:49:56.113,canceled,2025-04-16 19:49:52.740
0x06b869e6cc312d6e50590d316c2e5d7faeb634134b9a615496f0306bdaa9fa33,0x329e14c73ef0712dd1359d56476f3dd9c1c032f9c755556e5bd0cb536fb479d3,0x935b705b5943b0e1b859651d2ccf375bc96dfdd700000000000000000000004c,limit,sell,171260000,150,2025-04-16 19:49:56.113,canceled,2025-04-16 19:49:52.740
0x491dec355616496a3d8d83ff54560adb6e243a6ec5b873272229fe21a76183c1,0x329e14c73ef0712dd1359d56476f3dd9c1c032f9c755556e5bd0cb536fb479d3,0x935b705b5943b0e1b859651d2ccf375bc96dfdd700000000000000000000004c,limit,buy,170860000,150,2025-04-16 19:49:52.740,canceled,2025-04-16 19:49:43.079
0x3a44f885f1feb55f3c746f70ce6ee8920804a08840e3f70cbc31109836234749,0x329e14c73ef0712dd1359d56476f3dd9c1c032f9c755556e5bd0cb536fb479d3,0x935b705b5943b0e1b859651d2ccf375bc96dfdd700000000000000000000004c,limit,sell,171210000,150,2025-04-16 19:49:52.740,canceled,2025-04-16 19:49:43.079
0xf66e723ad728d1f848df050cb24290ecdec80000dce889ef1cf784a1235d0cd2,0x329e14c73ef0712dd1359d56476f3dd9c1c032f9c755556e5bd0cb536fb479d3,0x935b705b5943b0e1b859651d2ccf375bc96dfdd700000000000000000000004c,limit,buy,170900000,150,2025-04-16 19:49:43.079,canceled,2025-04-16 19:49:42.396
0xa0182dd30e365efb7d944909740e4042767b99a0d79585b5d873fff1dd64f112,0x329e14c73ef0712dd1359d56476f3dd9c1c032f9c755556e5bd0cb536fb479d3,0x935b705b5943b0e1b859651d2ccf375bc96dfdd700000000000000000000004c,limit,sell,171210000,150,2025-04-16 19:49:43.079,canceled,2025-04-16 19:49:42.396
0xe2b22f14c4ff94790363767a9f513e5f00c25b95016eb053dda3a58f3ed711db,0x329e14c73ef0712dd1359d56476f3dd9c1c032f9c755556e5bd0cb536fb479d3,0x935b705b5943b0e1b859651d2ccf375bc96dfdd700000000000000000000004c,limit,buy,170850000,150,2025-04-16 19:49:42.396,canceled,2025-04-16 19:49:38.573
0x65684d261622096c745b1fc51b0c5a194797240d82c3138939c8c694cf5916b9,0x329e14c73ef0712dd1359d56476f3dd9c1c032f9c755556e5bd0cb536fb479d3,0x935b705b5943b0e1b859651d2ccf375bc96dfdd700000000000000000000004c,limit,sell,171130000,150,2025-04-16 19:49:42.396,canceled,2025-04-16 19:49:38.573
0x015c59054b6607e1faffd8459506610a2d92780527e8d5ce8f250f755e6fcb0e,0x329e14c73ef0712dd1359d56476f3dd9c1c032f9c755556e5bd0cb536fb479d3,0x935b705b5943b0e1b859651d2ccf375bc96dfdd700000000000000000000004c,limit,buy,170830000,150,2025-04-16 19:49:38.573,canceled,2025-04-16 19:49:37.253
0x5ee35bdd648cd1b5e47374ad83650e1bdbb15d100029a1483a88c9fe7ac432e8,0x329e14c73ef0712dd1359d56476f3dd9c1c032f9c755556e5bd0cb536fb479d3,0x935b705b5943b0e1b859651d2ccf375bc96dfdd700000000000000000000004c,limit,sell,171110000,150,2025-04-16 19:49:38.573,canceled,2025-04-16 19:49:37.253
0x3ca8e69b363668640da5f926cf01b9e1eb8ddb81ce46a98849098c25c87d6513,0x329e14c73ef0712dd1359d56476f3dd9c1c032f9c755556e5bd0cb536fb479d3,0x935b705b5943b0e1b859651d2ccf375bc96dfdd700000000000000000000004c,limit,buy,170650000,150,2025-04-16 19:49:37.253,canceled,2025-04-16 19:49:15.142
0xf58ab2c84cbb15cb4f56936b59088aec7daf1118fb148fbaa677a665888320f4,0x329e14c73ef0712dd1359d56476f3dd9c1c032f9c755556e5bd0cb536fb479d3,0x935b705b5943b0e1b859651d2ccf375bc96dfdd700000000000000000000004c,limit,sell,170980000,150,2025-04-16 19:49:37.253,canceled,2025-04-16 19:49:15.142
0x614354b1329e19e5b33daed4c3d8c46eca5d49410ab6fcac5ce8f3924fa0c828,0x329e14c73ef0712dd1359d56476f3dd9c1c032f9c755556e5bd0cb536fb479d3,0x935b705b5943b0e1b859651d2ccf375bc96dfdd700000000000000000000004c,limit,buy,170500000,150,2025-04-16 19:49:15.142,canceled,2025-04-16 19:48:50.424
0x6acb5d50bfc3681683c9fb184cab098222f7b05387df2c4b717fd617b015f6c4,0x329e14c73ef0712dd1359d56476f3dd9c1c032f9c755556e5bd0cb536fb479d3,0x935b705b5943b0e1b859651d2ccf375bc96dfdd700000000000000000000004c,limit,sell,170980000,150,2025-04-16 19:49:15.142,canceled,2025-04-16 19:48:50.424
0xffa45d98db2ed789e14880163466d0d730a0db808e34302752e0e946310711fe,0x329e14c73ef0712dd1359d56476f3dd9c1c032f9c755556e5bd0cb536fb479d3,0x935b705b5943b0e1b859651d2ccf375bc96dfdd700000000000000000000004c,limit,buy,170500000,150,2025-04-16 19:48:50.424,canceled,2025-04-16 19:48:49.760
0xd5b13fa7bf508666ac2b8a39259c87a7a54d8b1f352cb5ab551a862474ee9433,0x329e14c73ef0712dd1359d56476f3dd9c1c032f9c755556e5bd0cb536fb479d3,0x935b705b5943b0e1b859651d2ccf375bc96dfdd700000000000000000000004c,limit,sell,170950000,150,2025-04-16 19:48:50.424,canceled,2025-04-16 19:48:49.760
0x53368d9cf84e8d33029662690ef54f4885f68f581e3ec673b7b2c0f827b591ca,0x329e14c73ef0712dd1359d56476f3dd9c1c032f9c755556e5bd0cb536fb479d3,0x935b705b5943b0e1b859651d2ccf375bc96dfdd700000000000000000000004c,limit,buy,170430000,150,2025-04-16 19:48:49.760,canceled,2025-04-16 19:48:43.577
0x47ee74aa02d2d7dcc52ea5b2f545f320553ab6812c96980c75bbd233f57576b2,0x329e14c73ef0712dd1359d56476f3dd9c1c032f9c755556e5bd0cb536fb479d3,0x935b705b5943b0e1b859651d2ccf375bc96dfdd700000000000000000000004c,limit,sell,170870000,150,2025-04-16 19:48:49.760,canceled,2025-04-16 19:48:43.577
0x6debc64e37db8016d1ce5c8b89fe76b31bf97f2c419303ec9c2bfa6ee88b9d50,0x329e14c73ef0712dd1359d56476f3dd9c1c032f9c755556e5bd0cb536fb479d3,0x935b705b5943b0e1b859651d2ccf375bc96dfdd700000000000000000000004c,limit,buy,170350000,150,2025-04-16 19:48:43.577,canceled,2025-04-16 19:48:41.965
0x94163c86c6844fd8550291a46405fd68c2c1b1b8ec04425994001d98f0e6783b,0x329e14c73ef0712dd1359d56476f3dd9c1c032f9c755556e5bd0cb536fb479d3,0x935b705b5943b0e1b859651d2ccf375bc96dfdd700000000000000000000004c,limit,sell,170700000,150,2025-04-16 19:48:43.577,canceled,2025-04-16 19:48:41.965
0x86bbd576c77076dbc4193fe47f3223ec51d44a6cf096fc889c9a1d5fd2514a72,0x329e14c73ef0712dd1359d56476f3dd9c1c032f9c755556e5bd0cb536fb479d3,0x935b705b5943b0e1b859651d2ccf375bc96dfdd700000000000000000000004c,limit,buy,170310000,150,2025-04-16 19:48:41.965,canceled,2025-04-16 19:48:40.685
0x8b9d9e302ee47cf94919ac790dd828c6cc624cd8c16ba73a1afe9e95b136265f,0x329e14c73ef0712dd1359d56476f3dd9c1c032f9c755556e5bd0cb536fb479d3,0x935b705b5943b0e1b859651d2ccf375bc96dfdd700000000000000000000004c,limit,sell,170660000,150,2025-04-16 19:48:41.965,canceled,2025-04-16 19:48:40.685
0x5e933424824054be591f7a07f729f9201d7ff96ec0b5d24fcb8a40987bc7c87b,0x329e14c73ef0712dd1359d56476f3dd9c1c032f9c755556e5bd0cb536fb479d3,0x935b705b5943b0e1b859651d2ccf375bc96dfdd700000000000000000000004c,limit,buy,170310000,150,2025-04-16 19:48:40.685,canceled,2025-04-16 19:48:38.679
0xd88e2f27b1204795c9014598fc8679ea2590ccd48b7103c29c114147b255d517,0x329e14c73ef0712dd1359d56476f3dd9c1c032f9c755556e5bd0cb536fb479d3,0x935b705b5943b0e1b859651d2ccf375bc96dfdd700000000000000000000004c,limit,sell,170570000,150,2025-04-16 19:48:40.685,canceled,2025-04-16 19:48:38.679
0xdb3fbc47fd90ff309995d6483572d09c6c762bf08a4213d12fe9f86c3c5e0774,0x329e14c73ef0712dd1359d56476f3dd9c1c032f9c755556e5bd0cb536fb479d3,0x935b705b5943b0e1b859651d2ccf375bc96dfdd700000000000000000000004c,limit,buy,170210000,150,2025-04-16 19:48:38.679,canceled,2025-04-16 19:48:36.783
