orderHash,marketId,subaccountId,executionType,orderType,price,quantity,updated_at,state,created_at
0xa25ec17f9434dea970ab2f992e356c3457d05798274d48251623458cde3d2f4f,0x9f70beeed6a8ea48b1eab7a608a2af600d432ee6eda7fba2965875a8e9702b77,0x935b705b5943b0e1b859651d2ccf375bc96dfdd7000000000000000000000046,limit,buy,311180000,41,2025-04-16 20:00:55.086,canceled,2025-04-16 20:00:08.796
0x9b3647170812387504543b0cb8d38b6f4f0f2085b502e85064e572aac086f5b8,0x9f70beeed6a8ea48b1eab7a608a2af600d432ee6eda7fba2965875a8e9702b77,0x935b705b5943b0e1b859651d2ccf375bc96dfdd7000000000000000000000046,limit,sell,312220000,41,2025-04-16 20:00:55.086,canceled,2025-04-16 20:00:08.796
0x664f2249bec1299ffe1bcd971e7a6a961a60780544c48bc3ebbd59d25e83315c,0x9f70beeed6a8ea48b1eab7a608a2af600d432ee6eda7fba2965875a8e9702b77,0x935b705b5943b0e1b859651d2ccf375bc96dfdd7000000000000000000000046,limit,buy,311180000,41,2025-04-16 20:00:08.796,canceled,2025-04-16 20:00:06.739
0x38a51c256f1c2280254fff9076a93aa03820d49ec2102c4c30665543dfb4195b,0x9f70beeed6a8ea48b1eab7a608a2af600d432ee6eda7fba2965875a8e9702b77,0x935b705b5943b0e1b859651d2ccf375bc96dfdd7000000000000000000000046,limit,sell,312020000,41,2025-04-16 20:00:08.796,canceled,2025-04-16 20:00:06.739
0xc3233fcfecf84b03ba88b47b7769482a22abbbcc89d790d3f6a96f0f603943bf,0x9f70beeed6a8ea48b1eab7a608a2af600d432ee6eda7fba2965875a8e9702b77,0x935b705b5943b0e1b859651d2ccf375bc96dfdd7000000000000000000000046,limit,buy,311180000,41,2025-04-16 20:00:06.739,canceled,2025-04-16 20:00:06.092
0x6188949d037a5ee723111eccb77e808d6206ba369b011d3cd973eade45cb1d90,0x9f70beeed6a8ea48b1eab7a608a2af600d432ee6eda7fba2965875a8e9702b77,0x935b705b5943b0e1b859651d2ccf375bc96dfdd7000000000000000000000046,limit,sell,312420000,41,2025-04-16 20:00:06.739,canceled,2025-04-16 20:00:06.092
0x3c3d8d206293a21143a6555c8a6c8609daf585e0d4141f9ebd73a20a2b31b7e6,0x9f70beeed6a8ea48b1eab7a608a2af600d432ee6eda7fba2965875a8e9702b77,0x935b705b5943b0e1b859651d2ccf375bc96dfdd7000000000000000000000046,limit,buy,311180000,41,2025-04-16 20:00:06.092,canceled,2025-04-16 20:00:05.424
0x45bbe5f83b72e11782d646c66cea2b94867a29acca910dd387351baf418fd723,0x9f70beeed6a8ea48b1eab7a608a2af600d432ee6eda7fba2965875a8e9702b77,0x935b705b5943b0e1b859651d2ccf375bc96dfdd7000000000000000000000046,limit,sell,312220000,41,2025-04-16 20:00:06.092,canceled,2025-04-16 20:00:05.424
0x23e8165eb5df54d7065f7b662f3c24ba9f5f43053121712f7d73761a82ec1067,0x9f70beeed6a8ea48b1eab7a608a2af600d432ee6eda7fba2965875a8e9702b77,0x935b705b5943b0e1b859651d2ccf375bc96dfdd7000000000000000000000046,limit,buy,311180000,41,2025-04-16 20:00:05.424,canceled,2025-04-16 20:00:04.765
0x4644be87521b4f09c71757bc6e9e295ae5ffa1c197f18cadee3da5757ff16de1,0x9f70beeed6a8ea48b1eab7a608a2af600d432ee6eda7fba2965875a8e9702b77,0x935b705b5943b0e1b859651d2ccf375bc96dfdd7000000000000000000000046,limit,sell,312020000,41,2025-04-16 20:00:05.424,canceled,2025-04-16 20:00:04.765
0xd8fef04b1ad0f5007fcefa44fa7c833a1d0247ba37c422c983a7f4718e932294,0x9f70beeed6a8ea48b1eab7a608a2af600d432ee6eda7fba2965875a8e9702b77,0x935b705b5943b0e1b859651d2ccf375bc96dfdd7000000000000000000000046,limit,buy,311180000,41,2025-04-16 20:00:04.765,canceled,2025-04-16 20:00:04.097
0xf1be75245a21c6a2ed65e6f9bfebeac01d3dfe2d6318eb6f0a72e19d0c93a3a5,0x9f70beeed6a8ea48b1eab7a608a2af600d432ee6eda7fba2965875a8e9702b77,0x935b705b5943b0e1b859651d2ccf375bc96dfdd7000000000000000000000046,limit,sell,312220000,41,2025-04-16 20:00:04.765,canceled,2025-04-16 20:00:04.097
0x8cfd46d34b4f4c6e5e3ba3ad534760258072222b91baa5213059fb9e986d5f2a,0x9f70beeed6a8ea48b1eab7a608a2af600d432ee6eda7fba2965875a8e9702b77,0x935b705b5943b0e1b859651d2ccf375bc96dfdd7000000000000000000000046,limit,buy,311180000,41,2025-04-16 20:00:04.097,canceled,2025-04-16 20:00:03.422
0xca68f5731f286d601086aa6422d6cd870f06ae64616cec7ed95e260f7089cb48,0x9f70beeed6a8ea48b1eab7a608a2af600d432ee6eda7fba2965875a8e9702b77,0x935b705b5943b0e1b859651d2ccf375bc96dfdd7000000000000000000000046,limit,sell,312020000,41,2025-04-16 20:00:04.097,canceled,2025-04-16 20:00:03.422
0x0fbee6d14ee7b3c7371341da50cab3ab7a01353b0e7b7a165b2598b82b75af4e,0x9f70beeed6a8ea48b1eab7a608a2af600d432ee6eda7fba2965875a8e9702b77,0x935b705b5943b0e1b859651d2ccf375bc96dfdd7000000000000000000000046,limit,buy,311180000,41,2025-04-16 20:00:03.422,canceled,2025-04-16 20:00:02.734
0x282bb0e38326a638b4cf7515fc3d8dc9d513becbca84c36e78adacd1cbe2b8ac,0x9f70beeed6a8ea48b1eab7a608a2af600d432ee6eda7fba2965875a8e9702b77,0x935b705b5943b0e1b859651d2ccf375bc96dfdd7000000000000000000000046,limit,sell,312420000,41,2025-04-16 20:00:03.422,canceled,2025-04-16 20:00:02.734
0x9bbd2ac49b4d269a0e155a9be9e4a06c23247c8d34f030332a146279e0a28cad,0x9f70beeed6a8ea48b1eab7a608a2af600d432ee6eda7fba2965875a8e9702b77,0x935b705b5943b0e1b859651d2ccf375bc96dfdd7000000000000000000000046,limit,buy,311180000,41,2025-04-16 20:00:02.734,canceled,2025-04-16 20:00:01.378
0xd29678cdfb6ff850f25329d092cb42a7c6ce23a5137bf0e8496b1b2f534365de,0x9f70beeed6a8ea48b1eab7a608a2af600d432ee6eda7fba2965875a8e9702b77,0x935b705b5943b0e1b859651d2ccf375bc96dfdd7000000000000000000000046,limit,sell,312420000,41,2025-04-16 20:00:02.734,canceled,2025-04-16 20:00:01.378
0x6d2c47e5ce290ed88f233ac1811cae58006b279ce8cd181947546adf36912143,0x9f70beeed6a8ea48b1eab7a608a2af600d432ee6eda7fba2965875a8e9702b77,0x935b705b5943b0e1b859651d2ccf375bc96dfdd7000000000000000000000046,limit,buy,311550000,41,2025-04-16 20:00:01.378,canceled,2025-04-16 19:59:56.897
0xa0d745800152e88565553da7ac9aedb4c3b232cb4e2af2369992afe76785bed8,0x9f70beeed6a8ea48b1eab7a608a2af600d432ee6eda7fba2965875a8e9702b77,0x935b705b5943b0e1b859651d2ccf375bc96dfdd7000000000000000000000046,limit,sell,312010000,41,2025-04-16 20:00:01.378,canceled,2025-04-16 19:59:56.897
0xcfea513eb9dc6324abc8bcb556cfb9e36dfe1d9fdf4c84e2d32cfc992950d8db,0x9f70beeed6a8ea48b1eab7a608a2af600d432ee6eda7fba2965875a8e9702b77,0x935b705b5943b0e1b859651d2ccf375bc96dfdd7000000000000000000000046,limit,buy,311570000,41,2025-04-16 19:59:56.897,canceled,2025-04-16 19:59:53.007
0x7966304a64cc252e79e7ff7f78263e4ebcb0f13603eef1a817be464df258e085,0x9f70beeed6a8ea48b1eab7a608a2af600d432ee6eda7fba2965875a8e9702b77,0x935b705b5943b0e1b859651d2ccf375bc96dfdd7000000000000000000000046,limit,sell,312010000,41,2025-04-16 19:59:56.897,canceled,2025-04-16 19:59:53.007
0x738ef8ee2d527b931b5a971e3309955024fa1e1a01fe8f450b7dcbd8bcfb0947,0x9f70beeed6a8ea48b1eab7a608a2af600d432ee6eda7fba2965875a8e9702b77,0x935b705b5943b0e1b859651d2ccf375bc96dfdd7000000000000000000000046,limit,buy,311570000,41,2025-04-16 19:59:53.007,canceled,2025-04-16 19:59:44.829
0x495fe234729025183623de95624604f2a2ab0f6c35a03d97e47e2b4940000885,0x9f70beeed6a8ea48b1eab7a608a2af600d432ee6eda7fba2965875a8e9702b77,0x935b705b5943b0e1b859651d2ccf375bc96dfdd7000000000000000000000046,limit,sell,311990000,41,2025-04-16 19:59:53.007,canceled,2025-04-16 19:59:44.829
0x542cb190e11bd92dd397cf8b969c8fd05a817bb150b64f80a3d5bb3a9b388a08,0x9f70beeed6a8ea48b1eab7a608a2af600d432ee6eda7fba2965875a8e9702b77,0x935b705b5943b0e1b859651d2ccf375bc96dfdd7000000000000000000000046,limit,buy,311570000,41,2025-04-16 19:59:44.829,canceled,2025-04-16 19:59:44.172
0xe1d833772d31b4481711d9f3810a81f7900e88fc065db4a9f315b0ac5b8b66f6,0x9f70beeed6a8ea48b1eab7a608a2af600d432ee6eda7fba2965875a8e9702b77,0x935b705b5943b0e1b859651d2ccf375bc96dfdd7000000000000000000000046,limit,sell,311960000,41,2025-04-16 19:59:44.829,canceled,2025-04-16 19:59:44.172
0x91e58469f2566a7b6960fa6441d5e5a2ab5bd65c3d0556fe2572398ceb624a09,0x9f70beeed6a8ea48b1eab7a608a2af600d432ee6eda7fba2965875a8e9702b77,0x935b705b5943b0e1b859651d2ccf375bc96dfdd7000000000000000000000046,limit,buy,311530000,41,2025-04-16 19:59:44.172,canceled,2025-04-16 19:59:43.491
0x9a9875375950710ae33249f952b369af1890ce2c4c0b95a627c7ac762b62ce56,0x9f70beeed6a8ea48b1eab7a608a2af600d432ee6eda7fba2965875a8e9702b77,0x935b705b5943b0e1b859651d2ccf375bc96dfdd7000000000000000000000046,limit,sell,311890000,41,2025-04-16 19:59:44.172,canceled,2025-04-16 19:59:43.491
0xdf1a4dada2b26ade218c89118ae470645d5c104d84deb8eab9833a938286f057,0x9f70beeed6a8ea48b1eab7a608a2af600d432ee6eda7fba2965875a8e9702b77,0x935b705b5943b0e1b859651d2ccf375bc96dfdd7000000000000000000000046,limit,buy,311530000,41,2025-04-16 19:59:43.491,canceled,2025-04-16 19:59:41.348
0x52b44cf9968353a8f161fe6fcdac7c2fc52f3bdef7e29aca909ece39a47ed732,0x9f70beeed6a8ea48b1eab7a608a2af600d432ee6eda7fba2965875a8e9702b77,0x935b705b5943b0e1b859651d2ccf375bc96dfdd7000000000000000000000046,limit,sell,311800000,41,2025-04-16 19:59:43.491,canceled,2025-04-16 19:59:41.348
0x3c25022aabb77cabb757779032c44e6afe2cacc4d91688c1f46ffa9a57952e94,0x9f70beeed6a8ea48b1eab7a608a2af600d432ee6eda7fba2965875a8e9702b77,0x935b705b5943b0e1b859651d2ccf375bc96dfdd7000000000000000000000046,limit,buy,311510000,41,2025-04-16 19:59:41.348,canceled,2025-04-16 19:59:40.724
0x6d907699a1f15904d3512673b7bcdfd09abd79f4ed40eddc5393b57e426474d6,0x9f70beeed6a8ea48b1eab7a608a2af600d432ee6eda7fba2965875a8e9702b77,0x935b705b5943b0e1b859651d2ccf375bc96dfdd7000000000000000000000046,limit,sell,311870000,41,2025-04-16 19:59:41.348,canceled,2025-04-16 19:59:40.724
0x51def0f9d7532508f6b1c5b0447b5ef57a868b4872376498204e2f8e68cbdab6,0x9f70beeed6a8ea48b1eab7a608a2af600d432ee6eda7fba2965875a8e9702b77,0x935b705b5943b0e1b859651d2ccf375bc96dfdd7000000000000000000000046,limit,buy,311410000,41,2025-04-16 19:59:40.724,canceled,2025-04-16 19:59:40.079
0x13805701b0071d5c47776e6a8bdf37864c39e9a0205151ccc5fc7a2e318edfff,0x9f70beeed6a8ea48b1eab7a608a2af600d432ee6eda7fba2965875a8e9702b77,0x935b705b5943b0e1b859651d2ccf375bc96dfdd7000000000000000000000046,limit,sell,311750000,41,2025-04-16 19:59:40.724,canceled,2025-04-16 19:59:40.079
0x770987c0f4e4e040e2455736bd7d9023265af5b311c21346d9df06b97f7016c2,0x9f70beeed6a8ea48b1eab7a608a2af600d432ee6eda7fba2965875a8e9702b77,0x935b705b5943b0e1b859651d2ccf375bc96dfdd7000000000000000000000046,limit,buy,311410000,41,2025-04-16 19:59:40.079,canceled,2025-04-16 19:59:39.263
0x57fb63e9f863a2c314680de527f6986898b422a375f9919edc12f67c084b45bb,0x9f70beeed6a8ea48b1eab7a608a2af600d432ee6eda7fba2965875a8e9702b77,0x935b705b5943b0e1b859651d2ccf375bc96dfdd7000000000000000000000046,limit,sell,311690000,41,2025-04-16 19:59:40.079,canceled,2025-04-16 19:59:39.263
0x8d8b5c92fb5d52398243026990b79015be1744bc055739bb2f603e89f71e14b4,0x9f70beeed6a8ea48b1eab7a608a2af600d432ee6eda7fba2965875a8e9702b77,0x935b705b5943b0e1b859651d2ccf375bc96dfdd7000000000000000000000046,limit,buy,311420000,41,2025-04-16 19:59:39.263,canceled,2025-04-16 19:59:38.640
0x13734cade68ff74a2dd12d51932f8ca2262404206da329716338bedb1a46e302,0x9f70beeed6a8ea48b1eab7a608a2af600d432ee6eda7fba2965875a8e9702b77,0x935b705b5943b0e1b859651d2ccf375bc96dfdd7000000000000000000000046,limit,sell,311790000,41,2025-04-16 19:59:39.263,canceled,2025-04-16 19:59:38.640
0x72510265b002fef583f4dda6aa24dddc66d954bcd5bedb59f214db980099daaf,0x9f70beeed6a8ea48b1eab7a608a2af600d432ee6eda7fba2965875a8e9702b77,0x935b705b5943b0e1b859651d2ccf375bc96dfdd7000000000000000000000046,limit,buy,311410000,41,2025-04-16 19:59:38.640,canceled,2025-04-16 19:59:31.305
0xa3dae10f0852ba309cca9915238e4730dfe80e488cb0d01ddd1f7e88b1c69843,0x9f70beeed6a8ea48b1eab7a608a2af600d432ee6eda7fba2965875a8e9702b77,0x935b705b5943b0e1b859651d2ccf375bc96dfdd7000000000000000000000046,limit,sell,311670000,41,2025-04-16 19:59:38.640,canceled,2025-04-16 19:59:31.305
0xa52e037722f205bbe212f08cbf966ca2ff6f1e0b2cda7f5bfec099f60a2da853,0x9f70beeed6a8ea48b1eab7a608a2af600d432ee6eda7fba2965875a8e9702b77,0x935b705b5943b0e1b859651d2ccf375bc96dfdd7000000000000000000000046,limit,buy,311450000,41,2025-04-16 19:59:31.305,canceled,2025-04-16 19:59:30.655
0xdf1f3b8fe7f3c4eaf2b88ccb4c834c21bfdcbe9172878c4c12ac54f7da9e5268,0x9f70beeed6a8ea48b1eab7a608a2af600d432ee6eda7fba2965875a8e9702b77,0x935b705b5943b0e1b859651d2ccf375bc96dfdd7000000000000000000000046,limit,sell,311710000,41,2025-04-16 19:59:31.305,canceled,2025-04-16 19:59:30.655
0x9e5ba575fe1cfe177b89ba49c49e14d6a55fee7210596623fc67faad7c896e38,0x9f70beeed6a8ea48b1eab7a608a2af600d432ee6eda7fba2965875a8e9702b77,0x935b705b5943b0e1b859651d2ccf375bc96dfdd7000000000000000000000046,limit,buy,311500000,41,2025-04-16 19:59:30.655,canceled,2025-04-16 19:59:29.480
0x8e8bfafdc37bf2429ce00fe68f9717ba5775733f22ae256b4fc92a2ee50a618b,0x9f70beeed6a8ea48b1eab7a608a2af600d432ee6eda7fba2965875a8e9702b77,0x935b705b5943b0e1b859651d2ccf375bc96dfdd7000000000000000000000046,limit,sell,311810000,41,2025-04-16 19:59:30.655,canceled,2025-04-16 19:59:29.480
0xcc6ae2ed2daf5a5fba931decccc2ccec24d1e94a417e34af3fa65ab0aa190e63,0x9f70beeed6a8ea48b1eab7a608a2af600d432ee6eda7fba2965875a8e9702b77,0x935b705b5943b0e1b859651d2ccf375bc96dfdd7000000000000000000000046,limit,buy,311500000,41,2025-04-16 19:59:29.480,canceled,2025-04-16 19:59:28.847
0x3702f2e40a8c424d7be8042bdd83be06cf4a3af216c4ead42082a93339ab5420,0x9f70beeed6a8ea48b1eab7a608a2af600d432ee6eda7fba2965875a8e9702b77,0x935b705b5943b0e1b859651d2ccf375bc96dfdd7000000000000000000000046,limit,sell,311760000,41,2025-04-16 19:59:29.480,canceled,2025-04-16 19:59:28.847
0x4fe668d0346513c6bd917251edc973d01b7c60e31d3b176622fccdd2a7eba838,0x9f70beeed6a8ea48b1eab7a608a2af600d432ee6eda7fba2965875a8e9702b77,0x935b705b5943b0e1b859651d2ccf375bc96dfdd7000000000000000000000046,limit,buy,311410000,41,2025-04-16 19:59:28.847,canceled,2025-04-16 19:59:21.253
0x421b817167f71490d51bbc82b28b691929aeb62db85c6aaf1d2d5f20852b948c,0x9f70beeed6a8ea48b1eab7a608a2af600d432ee6eda7fba2965875a8e9702b77,0x935b705b5943b0e1b859651d2ccf375bc96dfdd7000000000000000000000046,limit,sell,311750000,41,2025-04-16 19:59:28.847,canceled,2025-04-16 19:59:21.253
0x17faccf09e15e501e864c36b7de513e794735929b9f432ab2fef635dee03db90,0x9f70beeed6a8ea48b1eab7a608a2af600d432ee6eda7fba2965875a8e9702b77,0x935b705b5943b0e1b859651d2ccf375bc96dfdd7000000000000000000000046,limit,buy,311340000,41,2025-04-16 19:59:21.253,canceled,2025-04-16 19:59:20.576
0x0b3bea94210808a0ac90ce3789564f54e262060e979c0bbb4aff3e37695b5168,0x9f70beeed6a8ea48b1eab7a608a2af600d432ee6eda7fba2965875a8e9702b77,0x935b705b5943b0e1b859651d2ccf375bc96dfdd7000000000000000000000046,limit,sell,311710000,41,2025-04-16 19:59:21.253,canceled,2025-04-16 19:59:20.576
0x695534536d6ab1a68c1568c5ff5b4445cad2c1e4287a147a533e37899280bd70,0x9f70beeed6a8ea48b1eab7a608a2af600d432ee6eda7fba2965875a8e9702b77,0x935b705b5943b0e1b859651d2ccf375bc96dfdd7000000000000000000000046,limit,buy,311220000,41,2025-04-16 19:59:20.576,canceled,2025-04-16 19:59:17.151
0xe76897d45909eec941c9569421d31487d7c85074ee462009c8bd4270d42ec083,0x9f70beeed6a8ea48b1eab7a608a2af600d432ee6eda7fba2965875a8e9702b77,0x935b705b5943b0e1b859651d2ccf375bc96dfdd7000000000000000000000046,limit,sell,311600000,41,2025-04-16 19:59:20.576,canceled,2025-04-16 19:59:17.151
0xf9d709938654939407061ba56a42821fc29286a48f295ed05833fe0259d2b03c,0x9f70beeed6a8ea48b1eab7a608a2af600d432ee6eda7fba2965875a8e9702b77,0x935b705b5943b0e1b859651d2ccf375bc96dfdd7000000000000000000000046,limit,buy,311220000,41,2025-04-16 19:59:17.151,canceled,2025-04-16 19:59:14.400
0xc62bc87a924f10e6ca1d9170fc59f681da36e93c3a7061f738e91d02b89b57e2,0x9f70beeed6a8ea48b1eab7a608a2af600d432ee6eda7fba2965875a8e9702b77,0x935b705b5943b0e1b859651d2ccf375bc96dfdd7000000000000000000000046,limit,sell,311590000,41,2025-04-16 19:59:17.151,canceled,2025-04-16 19:59:14.400
0x16a23cc321c10a8c52cbbbbc37f11667c31d563853d58c62d47641c4b9855fae,0x9f70beeed6a8ea48b1eab7a608a2af600d432ee6eda7fba2965875a8e9702b77,0x935b705b5943b0e1b859651d2ccf375bc96dfdd7000000000000000000000046,limit,buy,311330000,41,2025-04-16 19:59:14.400,canceled,2025-04-16 19:59:13.760
0x10c15cd3c0a1e680c88363fd12106195ecee33d0a3b803bd981f88cd443271cf,0x9f70beeed6a8ea48b1eab7a608a2af600d432ee6eda7fba2965875a8e9702b77,0x935b705b5943b0e1b859651d2ccf375bc96dfdd7000000000000000000000046,limit,sell,311570000,41,2025-04-16 19:59:14.400,canceled,2025-04-16 19:59:13.760
0xc6703ac0d49023ca56f421c70d01d83f1e6158c68b157abe662220de71ed3bd2,0x9f70beeed6a8ea48b1eab7a608a2af600d432ee6eda7fba2965875a8e9702b77,0x935b705b5943b0e1b859651d2ccf375bc96dfdd7000000000000000000000046,limit,buy,311220000,41,2025-04-16 19:59:13.760,canceled,2025-04-16 19:59:11.762
0xdeff3563ef01aeb9f79ee70276ec25f593b4f095eadb8e2bb17e819a09d14dcd,0x9f70beeed6a8ea48b1eab7a608a2af600d432ee6eda7fba2965875a8e9702b77,0x935b705b5943b0e1b859651d2ccf375bc96dfdd7000000000000000000000046,limit,sell,311460000,41,2025-04-16 19:59:13.760,canceled,2025-04-16 19:59:11.762
0x7eb2bd55d886a6c9137398f0972dd113504990ea4bbdd01e2bdeef12b3814b60,0x9f70beeed6a8ea48b1eab7a608a2af600d432ee6eda7fba2965875a8e9702b77,0x935b705b5943b0e1b859651d2ccf375bc96dfdd7000000000000000000000046,limit,buy,311350000,41,2025-04-16 19:59:11.762,canceled,2025-04-16 19:59:08.103
0x78cb242a0456a46fdf4f5d5f007d4aab802aabf3e3b8ec83bfb7c8e910bde254,0x9f70beeed6a8ea48b1eab7a608a2af600d432ee6eda7fba2965875a8e9702b77,0x935b705b5943b0e1b859651d2ccf375bc96dfdd7000000000000000000000046,limit,sell,311600000,41,2025-04-16 19:59:11.762,canceled,2025-04-16 19:59:08.103
0xcdb578bfb8f2b2f6acd0ef1283a96a4d878011857b09813c33928fa402d7da37,0x9f70beeed6a8ea48b1eab7a608a2af600d432ee6eda7fba2965875a8e9702b77,0x935b705b5943b0e1b859651d2ccf375bc96dfdd7000000000000000000000046,limit,buy,311350000,41,2025-04-16 19:59:08.103,canceled,2025-04-16 19:59:07.438
0xb4b387e841a9c9eb1823c87cd9e342240e2f9dfe4982fa809f1c8aafb4213848,0x9f70beeed6a8ea48b1eab7a608a2af600d432ee6eda7fba2965875a8e9702b77,0x935b705b5943b0e1b859651d2ccf375bc96dfdd7000000000000000000000046,limit,sell,311590000,41,2025-04-16 19:59:08.103,canceled,2025-04-16 19:59:07.438
0x0caf7b9d5c03183af10203dc8e6d5c33064c66a1bd4a46767623a8a76813b609,0x9f70beeed6a8ea48b1eab7a608a2af600d432ee6eda7fba2965875a8e9702b77,0x935b705b5943b0e1b859651d2ccf375bc96dfdd7000000000000000000000046,limit,buy,311350000,41,2025-04-16 19:59:07.438,canceled,2025-04-16 19:59:00.513
0xd767e205fb21c7fb6474e070f5acc974dfe3de9b9c11f76fef908cdd2680f28d,0x9f70beeed6a8ea48b1eab7a608a2af600d432ee6eda7fba2965875a8e9702b77,0x935b705b5943b0e1b859651d2ccf375bc96dfdd7000000000000000000000046,limit,sell,311520000,41,2025-04-16 19:59:07.438,canceled,2025-04-16 19:59:00.513
0xcac7459ff073ccd7cacbcfa730edadaea667813d82c049962b174a7f4e0c8456,0x9f70beeed6a8ea48b1eab7a608a2af600d432ee6eda7fba2965875a8e9702b77,0x935b705b5943b0e1b859651d2ccf375bc96dfdd7000000000000000000000046,limit,buy,311580000,41,2025-04-16 19:59:00.513,canceled,2025-04-16 19:58:59.849
0xae173fd0badf3d816cdad6ecf3862082b1811287a00c4ae0d9459a2e90b142ee,0x9f70beeed6a8ea48b1eab7a608a2af600d432ee6eda7fba2965875a8e9702b77,0x935b705b5943b0e1b859651d2ccf375bc96dfdd7000000000000000000000046,limit,sell,311870000,41,2025-04-16 19:59:00.513,canceled,2025-04-16 19:58:59.849
0xf50a14ad08d2b5b3a6923b0c8bdbf212cb8e6be20fcb6ce593fe987463758446,0x9f70beeed6a8ea48b1eab7a608a2af600d432ee6eda7fba2965875a8e9702b77,0x935b705b5943b0e1b859651d2ccf375bc96dfdd7000000000000000000000046,limit,buy,311610000,41,2025-04-16 19:58:59.849,canceled,2025-04-16 19:58:51.002
0x19c23d76043f074cc998611744647fa6bee8761e2866b59ecef5f3d28fd76a22,0x9f70beeed6a8ea48b1eab7a608a2af600d432ee6eda7fba2965875a8e9702b77,0x935b705b5943b0e1b859651d2ccf375bc96dfdd7000000000000000000000046,limit,sell,312010000,41,2025-04-16 19:58:59.849,canceled,2025-04-16 19:58:51.002
0xa9fcc949fcd90f62953c39d7c878e1bab8beb831b86fffb357e62a6bf19a768d,0x9f70beeed6a8ea48b1eab7a608a2af600d432ee6eda7fba2965875a8e9702b77,0x935b705b5943b0e1b859651d2ccf375bc96dfdd7000000000000000000000046,limit,buy,311390000,41,2025-04-16 19:58:51.002,canceled,2025-04-16 19:58:47.550
0xe583b65138048cc1f453ea016cacf839e9ff68506c380fd841ac4f1a04a20431,0x9f70beeed6a8ea48b1eab7a608a2af600d432ee6eda7fba2965875a8e9702b77,0x935b705b5943b0e1b859651d2ccf375bc96dfdd7000000000000000000000046,limit,sell,311800000,41,2025-04-16 19:58:51.002,canceled,2025-04-16 19:58:47.550
0x639e88a2b2a07962bc216c8f6bbe4c9ec5319ff4e638ae75e3587a251cebcc2a,0x9f70beeed6a8ea48b1eab7a608a2af600d432ee6eda7fba2965875a8e9702b77,0x935b705b5943b0e1b859651d2ccf375bc96dfdd7000000000000000000000046,limit,buy,311360000,41,2025-04-16 19:58:47.550,canceled,2025-04-16 19:58:46.912
0x64b7663f39866735c1285505abbafafea4290b0f5ee3a31b81260476339a9b6a,0x9f70beeed6a8ea48b1eab7a608a2af600d432ee6eda7fba2965875a8e9702b77,0x935b705b5943b0e1b859651d2ccf375bc96dfdd7000000000000000000000046,limit,sell,311650000,41,2025-04-16 19:58:47.550,canceled,2025-04-16 19:58:46.912
0x90884930490bc62c65454f6e3816577b1c0e6f996c35ec1d7e0d3c7196e6aa56,0x9f70beeed6a8ea48b1eab7a608a2af600d432ee6eda7fba2965875a8e9702b77,0x935b705b5943b0e1b859651d2ccf375bc96dfdd7000000000000000000000046,limit,buy,311350000,41,2025-04-16 19:58:46.912,canceled,2025-04-16 19:58:45.785
0x6e7032c5f2d65d07112e84bf67f7125034a579769e7bd9d03106b02844af9e72,0x9f70beeed6a8ea48b1eab7a608a2af600d432ee6eda7fba2965875a8e9702b77,0x935b705b5943b0e1b859651d2ccf375bc96dfdd7000000000000000000000046,limit,sell,311620000,41,2025-04-16 19:58:46.912,canceled,2025-04-16 19:58:45.785
0x59906e7a4e4741030853f952bfcade5df0dd0e95e41ecbddde1ef56bf3322a44,0x9f70beeed6a8ea48b1eab7a608a2af600d432ee6eda7fba2965875a8e9702b77,0x935b705b5943b0e1b859651d2ccf375bc96dfdd7000000000000000000000046,limit,buy,311350000,41,2025-04-16 19:58:45.785,canceled,2025-04-16 19:58:45.157
0xedcdd4fc47c46f148c9cdd2eb2b9cd490c07f8f65e9a3491a46e0250d642f656,0x9f70beeed6a8ea48b1eab7a608a2af600d432ee6eda7fba2965875a8e9702b77,0x935b705b5943b0e1b859651d2ccf375bc96dfdd7000000000000000000000046,limit,sell,311520000,41,2025-04-16 19:58:45.785,canceled,2025-04-16 19:58:45.157
0x5164a5d6754c783db42eb84e49dfb5447ae351dfea9451b8eeba161c6b7c36b9,0x9f70beeed6a8ea48b1eab7a608a2af600d432ee6eda7fba2965875a8e9702b77,0x935b705b5943b0e1b859651d2ccf375bc96dfdd7000000000000000000000046,limit,buy,311350000,41,2025-04-16 19:58:45.157,canceled,2025-04-16 19:58:44.534
0xf4bce8e8915cd75f402ccec16dd23039a9c80c4ff507dc6208803c0eabc4a3ba,0x9f70beeed6a8ea48b1eab7a608a2af600d432ee6eda7fba2965875a8e9702b77,0x935b705b5943b0e1b859651d2ccf375bc96dfdd7000000000000000000000046,limit,sell,311470000,41,2025-04-16 19:58:45.157,canceled,2025-04-16 19:58:44.534
0xba055aca315132265e6ebd997f89b0778615fa158d2b561df1590334420198c9,0x9f70beeed6a8ea48b1eab7a608a2af600d432ee6eda7fba2965875a8e9702b77,0x935b705b5943b0e1b859651d2ccf375bc96dfdd7000000000000000000000046,limit,buy,311390000,41,2025-04-16 19:58:44.534,canceled,2025-04-16 19:58:36.577
0xb974db2c01f6d45460d029cf22c6d44ef9705e9916d6c701eaa928b520223e63,0x9f70beeed6a8ea48b1eab7a608a2af600d432ee6eda7fba2965875a8e9702b77,0x935b705b5943b0e1b859651d2ccf375bc96dfdd7000000000000000000000046,limit,sell,311650000,41,2025-04-16 19:58:44.534,canceled,2025-04-16 19:58:36.577
0xf948e05d42a64ecafc59dff3da7cc9d994e893c229f436f41189a9d3e3a7d644,0x9f70beeed6a8ea48b1eab7a608a2af600d432ee6eda7fba2965875a8e9702b77,0x935b705b5943b0e1b859651d2ccf375bc96dfdd7000000000000000000000046,limit,buy,311400000,41,2025-04-16 19:58:36.577,canceled,2025-04-16 19:58:33.880
0x24dadba17ffb1c58b8d830206f8a6fd476f2fe7ded2b675652d97039e7a08272,0x9f70beeed6a8ea48b1eab7a608a2af600d432ee6eda7fba2965875a8e9702b77,0x935b705b5943b0e1b859651d2ccf375bc96dfdd7000000000000000000000046,limit,sell,311650000,41,2025-04-16 19:58:36.577,canceled,2025-04-16 19:58:33.880
0xfa18013fccf96201693c87bb5a7c2c87e152e18faa4da573a56deb1952f2b750,0x9f70beeed6a8ea48b1eab7a608a2af600d432ee6eda7fba2965875a8e9702b77,0x935b705b5943b0e1b859651d2ccf375bc96dfdd7000000000000000000000046,limit,buy,311530000,41,2025-04-16 19:58:33.880,canceled,2025-04-16 19:58:28.070
0xbbd34235697af5a2d60d2ef93be08510e3bacefef2afa515bc09e08eeca20b81,0x9f70beeed6a8ea48b1eab7a608a2af600d432ee6eda7fba2965875a8e9702b77,0x935b705b5943b0e1b859651d2ccf375bc96dfdd7000000000000000000000046,limit,sell,311820000,41,2025-04-16 19:58:33.880,canceled,2025-04-16 19:58:28.070
0x52b5ed86bf625a6eb33e5ee02cb92e7428772304107009f0f35714ae57cdab66,0x9f70beeed6a8ea48b1eab7a608a2af600d432ee6eda7fba2965875a8e9702b77,0x935b705b5943b0e1b859651d2ccf375bc96dfdd7000000000000000000000046,limit,buy,311540000,41,2025-04-16 19:58:28.070,canceled,2025-04-16 19:58:26.388
0x5d909f15cf55ace8c3c0f344d25b21d4e33762b6b9a4a31a1fec35e78bd8d36c,0x9f70beeed6a8ea48b1eab7a608a2af600d432ee6eda7fba2965875a8e9702b77,0x935b705b5943b0e1b859651d2ccf375bc96dfdd7000000000000000000000046,limit,sell,311820000,41,2025-04-16 19:58:28.070,canceled,2025-04-16 19:58:26.388
0x84b97bfbb05fb52a5776feb1196feb80e7c94a7949ea2bb1f3c4c658323a5138,0x9f70beeed6a8ea48b1eab7a608a2af600d432ee6eda7fba2965875a8e9702b77,0x935b705b5943b0e1b859651d2ccf375bc96dfdd7000000000000000000000046,limit,buy,311590000,41,2025-04-16 19:58:26.388,canceled,2025-04-16 19:58:25.722
0xc710c1ba1c42098154d8649683eae966096941d933819269e4e14454fbf7ff3d,0x9f70beeed6a8ea48b1eab7a608a2af600d432ee6eda7fba2965875a8e9702b77,0x935b705b5943b0e1b859651d2ccf375bc96dfdd7000000000000000000000046,limit,sell,311820000,41,2025-04-16 19:58:26.388,canceled,2025-04-16 19:58:25.722
0x76be912182e615d2ccccc1da108ad2444fce1dbadc6437dc245c0b60fe0ba1a0,0x9f70beeed6a8ea48b1eab7a608a2af600d432ee6eda7fba2965875a8e9702b77,0x935b705b5943b0e1b859651d2ccf375bc96dfdd7000000000000000000000046,limit,buy,311680000,41,2025-04-16 19:58:25.722,canceled,2025-04-16 19:58:24.569
0x21f0891cdd722fa82ac147fbf9c15c8657d714619ec19bb9a05c8bebea6a4573,0x9f70beeed6a8ea48b1eab7a608a2af600d432ee6eda7fba2965875a8e9702b77,0x935b705b5943b0e1b859651d2ccf375bc96dfdd7000000000000000000000046,limit,sell,311950000,41,2025-04-16 19:58:25.722,canceled,2025-04-16 19:58:24.569
0x45e3ffa748facafbc5bb2200a50a50de35f969a4d827f33759b9e3cc9d8bbd8a,0x9f70beeed6a8ea48b1eab7a608a2af600d432ee6eda7fba2965875a8e9702b77,0x935b705b5943b0e1b859651d2ccf375bc96dfdd7000000000000000000000046,limit,buy,311740000,41,2025-04-16 19:58:24.569,canceled,2025-04-16 19:58:23.922
0x5a5ddded984d1947ecbc7ecc1b04576a3f46acb6f348f781fa12a0d66021dc97,0x9f70beeed6a8ea48b1eab7a608a2af600d432ee6eda7fba2965875a8e9702b77,0x935b705b5943b0e1b859651d2ccf375bc96dfdd7000000000000000000000046,limit,sell,311870000,41,2025-04-16 19:58:24.569,canceled,2025-04-16 19:58:23.922
0x286b5ee8595dbf3e6c3043ef68d1a0c4a1d80ac7a18ba83ccc5f408f82053590,0x9f70beeed6a8ea48b1eab7a608a2af600d432ee6eda7fba2965875a8e9702b77,0x935b705b5943b0e1b859651d2ccf375bc96dfdd7000000000000000000000046,limit,buy,311860000,41,2025-04-16 19:58:23.922,canceled,2025-04-16 19:58:21.360
0xd008f3e830ae42f34bdfdb0ada268dc64110514c30d6dec25ac8252911dfaedc,0x9f70beeed6a8ea48b1eab7a608a2af600d432ee6eda7fba2965875a8e9702b77,0x935b705b5943b0e1b859651d2ccf375bc96dfdd7000000000000000000000046,limit,sell,312200000,41,2025-04-16 19:58:23.922,canceled,2025-04-16 19:58:21.360
0xd948a65adff0e69ca14515946f4b114f47e6928dee5028afe15fc1c3833aa019,0x9f70beeed6a8ea48b1eab7a608a2af600d432ee6eda7fba2965875a8e9702b77,0x935b705b5943b0e1b859651d2ccf375bc96dfdd7000000000000000000000046,limit,buy,311870000,41,2025-04-16 19:58:21.360,canceled,2025-04-16 19:58:20.082
0xc31a7556e471111996c173e40d7d52d1546efc29b08666b183c97b6b20230617,0x9f70beeed6a8ea48b1eab7a608a2af600d432ee6eda7fba2965875a8e9702b77,0x935b705b5943b0e1b859651d2ccf375bc96dfdd7000000000000000000000046,limit,sell,312200000,41,2025-04-16 19:58:21.360,canceled,2025-04-16 19:58:20.082
0x2b9dab929806dcf8d7e88320ae3ad3840996d67b04a4055c58d33c6914158a31,0x9f70beeed6a8ea48b1eab7a608a2af600d432ee6eda7fba2965875a8e9702b77,0x935b705b5943b0e1b859651d2ccf375bc96dfdd7000000000000000000000046,limit,buy,311860000,41,2025-04-16 19:58:20.082,canceled,2025-04-16 19:58:11.794
0xc129d68c695319777211b68f862ab007fc616020b1e816a8b4edbfb1c647547b,0x9f70beeed6a8ea48b1eab7a608a2af600d432ee6eda7fba2965875a8e9702b77,0x935b705b5943b0e1b859651d2ccf375bc96dfdd7000000000000000000000046,limit,sell,312520000,41,2025-04-16 19:58:20.082,canceled,2025-04-16 19:58:11.794
0x1b6dd680b89a15ca28631e6fb2f148f299b4af6b297d8f061d582ca3ec155691,0x9f70beeed6a8ea48b1eab7a608a2af600d432ee6eda7fba2965875a8e9702b77,0x935b705b5943b0e1b859651d2ccf375bc96dfdd7000000000000000000000046,limit,buy,311640000,41,2025-04-16 19:58:11.794,canceled,2025-04-16 19:58:02.263
0x90c9a7b76fb662b3e32a8ad7f30ca48ca277a6c8194f08ceb3c73d0f9df343ff,0x9f70beeed6a8ea48b1eab7a608a2af600d432ee6eda7fba2965875a8e9702b77,0x935b705b5943b0e1b859651d2ccf375bc96dfdd7000000000000000000000046,limit,sell,312130000,41,2025-04-16 19:58:11.794,canceled,2025-04-16 19:58:02.263
0x29147588c23764ff3a7b5cfb91192f890daab944f4d1645c2aa16587c1b58d61,0x9f70beeed6a8ea48b1eab7a608a2af600d432ee6eda7fba2965875a8e9702b77,0x935b705b5943b0e1b859651d2ccf375bc96dfdd7000000000000000000000046,limit,buy,311690000,41,2025-04-16 19:58:02.263,canceled,2025-04-16 19:58:01.530
0x0455ac882af7ac8363feeff5716d4a35d7f60d447e25528dc0f2a9fc2e10aeca,0x9f70beeed6a8ea48b1eab7a608a2af600d432ee6eda7fba2965875a8e9702b77,0x935b705b5943b0e1b859651d2ccf375bc96dfdd7000000000000000000000046,limit,sell,312140000,41,2025-04-16 19:58:02.263,canceled,2025-04-16 19:58:01.530
0x376c857cdb9734fdc41214ce5d83751fbd2cb3a3ca9fcbcdd41ae8a7f739fb59,0x9f70beeed6a8ea48b1eab7a608a2af600d432ee6eda7fba2965875a8e9702b77,0x935b705b5943b0e1b859651d2ccf375bc96dfdd7000000000000000000000046,limit,buy,311700000,41,2025-04-16 19:58:01.530,canceled,2025-04-16 19:58:00.854
0xe8bb7f763107216ac35233f84b99f4b23dd521fce5e0dbf6f135d5c1c49cb754,0x9f70beeed6a8ea48b1eab7a608a2af600d432ee6eda7fba2965875a8e9702b77,0x935b705b5943b0e1b859651d2ccf375bc96dfdd7000000000000000000000046,limit,sell,312140000,41,2025-04-16 19:58:01.530,canceled,2025-04-16 19:58:00.854
0xaa32524a2b0515ef9f0d372ddf4bf35fce4eda55f27da0cba0c2ff7fd52ad666,0x9f70beeed6a8ea48b1eab7a608a2af600d432ee6eda7fba2965875a8e9702b77,0x935b705b5943b0e1b859651d2ccf375bc96dfdd7000000000000000000000046,limit,buy,311800000,41,2025-04-16 19:58:00.854,canceled,2025-04-16 19:58:00.223
0x65609fbbd6151f77fe23b3efb403f8291bee4f0488510426e9da06d0fde45002,0x9f70beeed6a8ea48b1eab7a608a2af600d432ee6eda7fba2965875a8e9702b77,0x935b705b5943b0e1b859651d2ccf375bc96dfdd7000000000000000000000046,limit,sell,312020000,41,2025-04-16 19:58:00.854,canceled,2025-04-16 19:58:00.223
0x48188830512f6d8cc4fb6a0a0b3a18f32ceaf0499f1ed690f64dabc2ed75e70c,0x9f70beeed6a8ea48b1eab7a608a2af600d432ee6eda7fba2965875a8e9702b77,0x935b705b5943b0e1b859651d2ccf375bc96dfdd7000000000000000000000046,limit,buy,311570000,41,2025-04-16 19:58:00.223,canceled,2025-04-16 19:57:58.216
0xe29e19e188c97aa2766debd8b70969c079d57c7a5dbed30bed502146401aef67,0x9f70beeed6a8ea48b1eab7a608a2af600d432ee6eda7fba2965875a8e9702b77,0x935b705b5943b0e1b859651d2ccf375bc96dfdd7000000000000000000000046,limit,sell,311950000,41,2025-04-16 19:58:00.223,canceled,2025-04-16 19:57:58.216
0xc7121dac41ba40f7492af2b6e86bf9110eebfa9a4f27a31e55044954ee7d1973,0x9f70beeed6a8ea48b1eab7a608a2af600d432ee6eda7fba2965875a8e9702b77,0x935b705b5943b0e1b859651d2ccf375bc96dfdd7000000000000000000000046,limit,buy,311640000,41,2025-04-16 19:57:58.216,canceled,2025-04-16 19:57:57.562
0xa7ecfcd2d4cf7efb32050123dce44f5c93bbc6d5ffaa954dc730b83dcd6cfa7b,0x9f70beeed6a8ea48b1eab7a608a2af600d432ee6eda7fba2965875a8e9702b77,0x935b705b5943b0e1b859651d2ccf375bc96dfdd7000000000000000000000046,limit,sell,311950000,41,2025-04-16 19:57:58.216,canceled,2025-04-16 19:57:57.562
0x36119db2eaf43d72b9339557e8235f18c3b5359f9c79ac92ceaf943c85a78bae,0x9f70beeed6a8ea48b1eab7a608a2af600d432ee6eda7fba2965875a8e9702b77,0x935b705b5943b0e1b859651d2ccf375bc96dfdd7000000000000000000000046,limit,buy,311680000,41,2025-04-16 19:57:57.562,canceled,2025-04-16 19:57:56.926
0x03b102a1bc1045c2d3fe8c377360673cb9301612ebf4e90e1d8831343bed01e5,0x9f70beeed6a8ea48b1eab7a608a2af600d432ee6eda7fba2965875a8e9702b77,0x935b705b5943b0e1b859651d2ccf375bc96dfdd7000000000000000000000046,limit,sell,312020000,41,2025-04-16 19:57:57.562,canceled,2025-04-16 19:57:56.926
0xc1b953728d57fd0d193a823eb04dd34c703830fef82f4636de23a43b4746f533,0x9f70beeed6a8ea48b1eab7a608a2af600d432ee6eda7fba2965875a8e9702b77,0x935b705b5943b0e1b859651d2ccf375bc96dfdd7000000000000000000000046,limit,buy,311690000,41,2025-04-16 19:57:56.926,canceled,2025-04-16 19:57:52.784
0xf2ec1721aedae4f14779b46ca1cbd3bd1617f2df1f2d6093a537848ca10202a0,0x9f70beeed6a8ea48b1eab7a608a2af600d432ee6eda7fba2965875a8e9702b77,0x935b705b5943b0e1b859651d2ccf375bc96dfdd7000000000000000000000046,limit,sell,312020000,41,2025-04-16 19:57:56.926,canceled,2025-04-16 19:57:52.784
0x715c5ba00bfc7a6a92455598da1f0793ddb7d01a3ce6e802a18a0ad3be37b357,0x9f70beeed6a8ea48b1eab7a608a2af600d432ee6eda7fba2965875a8e9702b77,0x935b705b5943b0e1b859651d2ccf375bc96dfdd7000000000000000000000046,limit,buy,311710000,41,2025-04-16 19:57:52.784,canceled,2025-04-16 19:57:42.005
0x257885813249e2f2a85da7f6d22b2db77ac7dafd800a20aceeb285c7eecefb88,0x9f70beeed6a8ea48b1eab7a608a2af600d432ee6eda7fba2965875a8e9702b77,0x935b705b5943b0e1b859651d2ccf375bc96dfdd7000000000000000000000046,limit,sell,312380000,41,2025-04-16 19:57:52.784,canceled,2025-04-16 19:57:42.005
0x1eb9442941193e6923a642e455d36f431c471db43ffa7256af745b1577e7b35f,0x9f70beeed6a8ea48b1eab7a608a2af600d432ee6eda7fba2965875a8e9702b77,0x935b705b5943b0e1b859651d2ccf375bc96dfdd7000000000000000000000046,limit,buy,311870000,41,2025-04-16 19:57:42.005,canceled,2025-04-16 19:57:36.411
0x43eb5934f071f56597caf4c8b52ac21b8949d80c55178a84a16ac86d1b80ca5c,0x9f70beeed6a8ea48b1eab7a608a2af600d432ee6eda7fba2965875a8e9702b77,0x935b705b5943b0e1b859651d2ccf375bc96dfdd7000000000000000000000046,limit,sell,312470000,41,2025-04-16 19:57:42.005,canceled,2025-04-16 19:57:36.411
0xb796647c06d40e96250c6c73ce60c15dd3ec1921c78382d47630c10c74b9edc0,0x9f70beeed6a8ea48b1eab7a608a2af600d432ee6eda7fba2965875a8e9702b77,0x935b705b5943b0e1b859651d2ccf375bc96dfdd7000000000000000000000046,limit,buy,311990000,41,2025-04-16 19:57:36.411,canceled,2025-04-16 19:57:35.744
0x408e157a36b0428b2afed0919dffa8a230aab5d075258f65e7ba8eea2e58f21d,0x9f70beeed6a8ea48b1eab7a608a2af600d432ee6eda7fba2965875a8e9702b77,0x935b705b5943b0e1b859651d2ccf375bc96dfdd7000000000000000000000046,limit,sell,312470000,41,2025-04-16 19:57:36.411,canceled,2025-04-16 19:57:35.744
0x68fa4fdafa08e8184a53cd22501e782d076a028a5ebcc7e407fa9610636d6b8e,0x9f70beeed6a8ea48b1eab7a608a2af600d432ee6eda7fba2965875a8e9702b77,0x935b705b5943b0e1b859651d2ccf375bc96dfdd7000000000000000000000046,limit,buy,312030000,41,2025-04-16 19:57:35.744,canceled,2025-04-16 19:57:35.091
0x54e2d856625bf5aa11f28168b723dc5a230b90ef502c87aa9414eb34978525ab,0x9f70beeed6a8ea48b1eab7a608a2af600d432ee6eda7fba2965875a8e9702b77,0x935b705b5943b0e1b859651d2ccf375bc96dfdd7000000000000000000000046,limit,sell,312480000,41,2025-04-16 19:57:35.744,canceled,2025-04-16 19:57:35.091
0xea4db4932c0ac18f4ba2dc79d1df348d0a9700f8e9e681a0110229f35d8b0bfc,0x9f70beeed6a8ea48b1eab7a608a2af600d432ee6eda7fba2965875a8e9702b77,0x935b705b5943b0e1b859651d2ccf375bc96dfdd7000000000000000000000046,limit,buy,312300000,41,2025-04-16 19:57:35.091,canceled,2025-04-16 19:57:34.372
0x378686283b52d85befdb52f902879a949fe9eb3b53e41e50c3607c5bb4e5538b,0x9f70beeed6a8ea48b1eab7a608a2af600d432ee6eda7fba2965875a8e9702b77,0x935b705b5943b0e1b859651d2ccf375bc96dfdd7000000000000000000000046,limit,sell,312580000,41,2025-04-16 19:57:35.091,canceled,2025-04-16 19:57:34.372
0xb4aa51301579310fed814d62140dbf522bf199d56de931d8ff8a9332f222d4fb,0x9f70beeed6a8ea48b1eab7a608a2af600d432ee6eda7fba2965875a8e9702b77,0x935b705b5943b0e1b859651d2ccf375bc96dfdd7000000000000000000000046,limit,buy,312400000,41,2025-04-16 19:57:34.372,canceled,2025-04-16 19:57:31.864
0x4d2f27b0b19ad57c144eeb1813451d1b8ac2624469f0de9a8613daba94981929,0x9f70beeed6a8ea48b1eab7a608a2af600d432ee6eda7fba2965875a8e9702b77,0x935b705b5943b0e1b859651d2ccf375bc96dfdd7000000000000000000000046,limit,sell,312670000,41,2025-04-16 19:57:34.372,canceled,2025-04-16 19:57:31.864
0x82f6fa47102aeac223ff90d4640522d920e33f425cdbcb57634e6f3aab83d44d,0x9f70beeed6a8ea48b1eab7a608a2af600d432ee6eda7fba2965875a8e9702b77,0x935b705b5943b0e1b859651d2ccf375bc96dfdd7000000000000000000000046,limit,buy,312480000,41,2025-04-16 19:57:31.864,canceled,2025-04-16 19:57:24.596
0x9e0a126c2d3624641b786ca7c8cde25f86357feb7fbdf1c1c1310659a746594f,0x9f70beeed6a8ea48b1eab7a608a2af600d432ee6eda7fba2965875a8e9702b77,0x935b705b5943b0e1b859651d2ccf375bc96dfdd7000000000000000000000046,limit,sell,312990000,41,2025-04-16 19:57:31.864,canceled,2025-04-16 19:57:24.596
0xd601713b28dddf0bdb72f60a385e1200e575080127440e012ef120e211500ae9,0x9f70beeed6a8ea48b1eab7a608a2af600d432ee6eda7fba2965875a8e9702b77,0x935b705b5943b0e1b859651d2ccf375bc96dfdd7000000000000000000000046,limit,buy,312560000,41,2025-04-16 19:57:24.596,canceled,2025-04-16 19:57:05.283
0x04fbcaf253521472ee1f31f4fdb628a90760d67b3aabbdb85ed42a09aefbb727,0x9f70beeed6a8ea48b1eab7a608a2af600d432ee6eda7fba2965875a8e9702b77,0x935b705b5943b0e1b859651d2ccf375bc96dfdd7000000000000000000000046,limit,sell,313210000,41,2025-04-16 19:57:24.596,canceled,2025-04-16 19:57:05.283
0xbb990d5e577bec3fc323c63c75a3519bb1fee8201da586eed73610899826c175,0x9f70beeed6a8ea48b1eab7a608a2af600d432ee6eda7fba2965875a8e9702b77,0x935b705b5943b0e1b859651d2ccf375bc96dfdd7000000000000000000000046,limit,buy,312560000,41,2025-04-16 19:57:05.283,canceled,2025-04-16 19:57:04.645
0xd2d6714dc3e9ad554e144d52aeba64ad2e9a6b4f96426bae2119eb849cba88d9,0x9f70beeed6a8ea48b1eab7a608a2af600d432ee6eda7fba2965875a8e9702b77,0x935b705b5943b0e1b859651d2ccf375bc96dfdd7000000000000000000000046,limit,sell,313020000,41,2025-04-16 19:57:05.283,canceled,2025-04-16 19:57:04.645
0x57d5ae578313841145e05cd720f0c9c740ac343c9d1619bd992f1db9a709f451,0x9f70beeed6a8ea48b1eab7a608a2af600d432ee6eda7fba2965875a8e9702b77,0x935b705b5943b0e1b859651d2ccf375bc96dfdd7000000000000000000000046,limit,buy,312710000,41,2025-04-16 19:57:04.645,canceled,2025-04-16 19:57:03.952
0xb7ad7e2de6e05106066c452fb37d0bfffda31fa9e1b31d88e93af496fef73c61,0x9f70beeed6a8ea48b1eab7a608a2af600d432ee6eda7fba2965875a8e9702b77,0x935b705b5943b0e1b859651d2ccf375bc96dfdd7000000000000000000000046,limit,sell,313270000,41,2025-04-16 19:57:04.645,canceled,2025-04-16 19:57:03.952
0x4a49d26bdacc5a36d8b5f60f9cec21b03f3bb9050737591809dff48708819973,0x9f70beeed6a8ea48b1eab7a608a2af600d432ee6eda7fba2965875a8e9702b77,0x935b705b5943b0e1b859651d2ccf375bc96dfdd7000000000000000000000046,limit,buy,312850000,41,2025-04-16 19:57:03.952,canceled,2025-04-16 19:57:02.068
0x3104964cf647fed5c2929d47b387481f4c1b2d4d5c4ef8257890dd8db1d3ba4c,0x9f70beeed6a8ea48b1eab7a608a2af600d432ee6eda7fba2965875a8e9702b77,0x935b705b5943b0e1b859651d2ccf375bc96dfdd7000000000000000000000046,limit,sell,313310000,41,2025-04-16 19:57:03.952,canceled,2025-04-16 19:57:02.068
0x0e1bd3bd71ebd4cd815c99121b4f60633cbb02a5c548eb477e30d96c16913e5b,0x9f70beeed6a8ea48b1eab7a608a2af600d432ee6eda7fba2965875a8e9702b77,0x935b705b5943b0e1b859651d2ccf375bc96dfdd7000000000000000000000046,limit,buy,312550000,41,2025-04-16 19:57:02.068,canceled,2025-04-16 19:57:00.731
0xfbcfc84f4883f2e39fb354b960330802cfdf97c8722148dc157e700314944619,0x9f70beeed6a8ea48b1eab7a608a2af600d432ee6eda7fba2965875a8e9702b77,0x935b705b5943b0e1b859651d2ccf375bc96dfdd7000000000000000000000046,limit,sell,313020000,41,2025-04-16 19:57:02.068,canceled,2025-04-16 19:57:00.731
0xc5cb4586ec1ea06a7ba19aa738cf462181af67532a33a60ba36fa490d7bba3da,0x9f70beeed6a8ea48b1eab7a608a2af600d432ee6eda7fba2965875a8e9702b77,0x935b705b5943b0e1b859651d2ccf375bc96dfdd7000000000000000000000046,limit,buy,312550000,41,2025-04-16 19:57:00.731,canceled,2025-04-16 19:57:00.066
0x5e47ccefc5e22e770835d3c088b5da77298e57d1400fa15040425b4fc45e594e,0x9f70beeed6a8ea48b1eab7a608a2af600d432ee6eda7fba2965875a8e9702b77,0x935b705b5943b0e1b859651d2ccf375bc96dfdd7000000000000000000000046,limit,sell,312840000,41,2025-04-16 19:57:00.731,canceled,2025-04-16 19:57:00.066
0xb728dc43991d2cc777c65edd58b42eee901536207a9ad0f9e998497c49d1025e,0x9f70beeed6a8ea48b1eab7a608a2af600d432ee6eda7fba2965875a8e9702b77,0x935b705b5943b0e1b859651d2ccf375bc96dfdd7000000000000000000000046,limit,buy,312610000,41,2025-04-16 19:57:00.066,canceled,2025-04-16 19:56:59.516
0x7506d2cf48bbb292431dbefb7785b0eb971fccbdb22762af772adf90bd2c1f2e,0x9f70beeed6a8ea48b1eab7a608a2af600d432ee6eda7fba2965875a8e9702b77,0x935b705b5943b0e1b859651d2ccf375bc96dfdd7000000000000000000000046,limit,sell,312840000,41,2025-04-16 19:57:00.066,canceled,2025-04-16 19:56:59.516
0xc7cbb50c6cd26aa6d542f231fb0b97ebb45597946faeb3e7bc9e9b5208820150,0x9f70beeed6a8ea48b1eab7a608a2af600d432ee6eda7fba2965875a8e9702b77,0x935b705b5943b0e1b859651d2ccf375bc96dfdd7000000000000000000000046,limit,buy,312660000,41,2025-04-16 19:56:59.516,canceled,2025-04-16 19:56:58.083
0x8720bffef7a54545808435bbf717af2950fb3a93fa3a3367ede2018178b67a5c,0x9f70beeed6a8ea48b1eab7a608a2af600d432ee6eda7fba2965875a8e9702b77,0x935b705b5943b0e1b859651d2ccf375bc96dfdd7000000000000000000000046,limit,sell,313010000,41,2025-04-16 19:56:59.516,canceled,2025-04-16 19:56:58.083
0x942b1ad4d801c089b6dffad8164d3dfd342b056e48e665d29354659fc92e5e90,0x9f70beeed6a8ea48b1eab7a608a2af600d432ee6eda7fba2965875a8e9702b77,0x935b705b5943b0e1b859651d2ccf375bc96dfdd7000000000000000000000046,limit,buy,312670000,41,2025-04-16 19:56:58.083,canceled,2025-04-16 19:56:57.407
0xc514c3b9c458c8058d29d52b1b401a4b7f6f1ca862a50eb87f140d097a489738,0x9f70beeed6a8ea48b1eab7a608a2af600d432ee6eda7fba2965875a8e9702b77,0x935b705b5943b0e1b859651d2ccf375bc96dfdd7000000000000000000000046,limit,sell,313010000,41,2025-04-16 19:56:58.083,canceled,2025-04-16 19:56:57.407
0xd80bc07c45cc5acc2d2526ee4fdb96b8a631bc3113971be206e7d18e696f974b,0x9f70beeed6a8ea48b1eab7a608a2af600d432ee6eda7fba2965875a8e9702b77,0x935b705b5943b0e1b859651d2ccf375bc96dfdd7000000000000000000000046,limit,buy,312720000,41,2025-04-16 19:56:57.407,canceled,2025-04-16 19:56:55.530
0x8c428fedbc6a57d8e8dc0a0b0fbbe609fb3a50ecf00b91d07bf26224edd9831a,0x9f70beeed6a8ea48b1eab7a608a2af600d432ee6eda7fba2965875a8e9702b77,0x935b705b5943b0e1b859651d2ccf375bc96dfdd7000000000000000000000046,limit,sell,312840000,41,2025-04-16 19:56:57.407,canceled,2025-04-16 19:56:55.530
0xe444f79c6464364396bb9ce37b9ffeb382d89ce8c9f96213bb838dac78047d5f,0x9f70beeed6a8ea48b1eab7a608a2af600d432ee6eda7fba2965875a8e9702b77,0x935b705b5943b0e1b859651d2ccf375bc96dfdd7000000000000000000000046,limit,buy,312800000,41,2025-04-16 19:56:55.530,canceled,2025-04-16 19:56:48.177
0x19e086e788ce92b35e9dcb67b76df535a531240ea598342b32044f821bb57ecc,0x9f70beeed6a8ea48b1eab7a608a2af600d432ee6eda7fba2965875a8e9702b77,0x935b705b5943b0e1b859651d2ccf375bc96dfdd7000000000000000000000046,limit,sell,313180000,41,2025-04-16 19:56:55.530,canceled,2025-04-16 19:56:48.177
0xea7b00bd550dee22862d18c16c90d83122f361edf12228af8702f5078dcd9f82,0x9f70beeed6a8ea48b1eab7a608a2af600d432ee6eda7fba2965875a8e9702b77,0x935b705b5943b0e1b859651d2ccf375bc96dfdd7000000000000000000000046,limit,buy,312800000,41,2025-04-16 19:56:48.177,canceled,2025-04-16 19:56:33.577
0xb0d38b74e057d131c4950900a1a10b0aff2876dec7f0c7b2197c3b875217b692,0x9f70beeed6a8ea48b1eab7a608a2af600d432ee6eda7fba2965875a8e9702b77,0x935b705b5943b0e1b859651d2ccf375bc96dfdd7000000000000000000000046,limit,sell,313160000,41,2025-04-16 19:56:48.177,canceled,2025-04-16 19:56:33.577
0x5d05f69a4bca48a18999c3b0e79aaf80980d3b5aeb383bc5e73adff2cb29621e,0x9f70beeed6a8ea48b1eab7a608a2af600d432ee6eda7fba2965875a8e9702b77,0x935b705b5943b0e1b859651d2ccf375bc96dfdd7000000000000000000000046,limit,buy,312850000,41,2025-04-16 19:56:33.577,canceled,2025-04-16 19:56:32.111
0xac422b2b07afc273555b761ad4e9000261097fa5e1bd05314d3fed241f70e108,0x9f70beeed6a8ea48b1eab7a608a2af600d432ee6eda7fba2965875a8e9702b77,0x935b705b5943b0e1b859651d2ccf375bc96dfdd7000000000000000000000046,limit,sell,312980000,41,2025-04-16 19:56:33.577,canceled,2025-04-16 19:56:32.111
0xb5758eea7e9a0b77dc7b7c0e0273355965ae4cc581d6d51c642a0ae4d3c1319b,0x9f70beeed6a8ea48b1eab7a608a2af600d432ee6eda7fba2965875a8e9702b77,0x935b705b5943b0e1b859651d2ccf375bc96dfdd7000000000000000000000046,limit,buy,313270000,41,2025-04-16 19:56:32.111,canceled,2025-04-16 19:56:29.671
0x8d2c78b8dbb09bdfd4648a36e9a4c4bfc922259b2bc81ac3253e357e1a8e78ed,0x9f70beeed6a8ea48b1eab7a608a2af600d432ee6eda7fba2965875a8e9702b77,0x935b705b5943b0e1b859651d2ccf375bc96dfdd7000000000000000000000046,limit,sell,313490000,41,2025-04-16 19:56:32.111,canceled,2025-04-16 19:56:29.671
0xc32bc9108e3209fa4ceeecbcfcb1f6a560e3cd371185831294b6d2cf8e984d4c,0x9f70beeed6a8ea48b1eab7a608a2af600d432ee6eda7fba2965875a8e9702b77,0x935b705b5943b0e1b859651d2ccf375bc96dfdd7000000000000000000000046,limit,buy,313160000,41,2025-04-16 19:56:29.671,canceled,2025-04-16 19:56:28.382
0xc8ae1854fd7b4fb7896f947b1f2ef76e407c2e400f8305597b5ecdb6b2024706,0x9f70beeed6a8ea48b1eab7a608a2af600d432ee6eda7fba2965875a8e9702b77,0x935b705b5943b0e1b859651d2ccf375bc96dfdd7000000000000000000000046,limit,sell,313450000,41,2025-04-16 19:56:29.671,canceled,2025-04-16 19:56:28.382
0xb83fc0b019e0049398eda20b79a631a89211702bb5d3031371648e114bd8a4cb,0x9f70beeed6a8ea48b1eab7a608a2af600d432ee6eda7fba2965875a8e9702b77,0x935b705b5943b0e1b859651d2ccf375bc96dfdd7000000000000000000000046,limit,buy,312940000,41,2025-04-16 19:56:28.382,canceled,2025-04-16 19:56:25.295
0xc92447bcc2625b738f2b26aa0f7181227fc6bd247cf6e4e29a837ce26e243523,0x9f70beeed6a8ea48b1eab7a608a2af600d432ee6eda7fba2965875a8e9702b77,0x935b705b5943b0e1b859651d2ccf375bc96dfdd7000000000000000000000046,limit,sell,313230000,41,2025-04-16 19:56:28.382,canceled,2025-04-16 19:56:25.295
0xf07bc11cfc8d16775b760a68f7404eff915403fd9b321451737dffda7f7c03a2,0x9f70beeed6a8ea48b1eab7a608a2af600d432ee6eda7fba2965875a8e9702b77,0x935b705b5943b0e1b859651d2ccf375bc96dfdd7000000000000000000000046,limit,buy,312940000,41,2025-04-16 19:56:25.295,canceled,2025-04-16 19:56:24.017
0x4fd0145f88329422b86904cb072d019d37b13ae25233af7a4f50d7ee96fb8c02,0x9f70beeed6a8ea48b1eab7a608a2af600d432ee6eda7fba2965875a8e9702b77,0x935b705b5943b0e1b859651d2ccf375bc96dfdd7000000000000000000000046,limit,sell,313220000,41,2025-04-16 19:56:25.295,canceled,2025-04-16 19:56:24.017
0xea462db4db1e6c079d8da9cc9113c4a41952ef19b56cd6bc268e174ccd317919,0x9f70beeed6a8ea48b1eab7a608a2af600d432ee6eda7fba2965875a8e9702b77,0x935b705b5943b0e1b859651d2ccf375bc96dfdd7000000000000000000000046,limit,buy,312770000,41,2025-04-16 19:56:24.017,canceled,2025-04-16 19:56:21.663
0xad21dbd1438759a564473275c9f28f87a105bf5616cab895f47b20661d66c209,0x9f70beeed6a8ea48b1eab7a608a2af600d432ee6eda7fba2965875a8e9702b77,0x935b705b5943b0e1b859651d2ccf375bc96dfdd7000000000000000000000046,limit,sell,313020000,41,2025-04-16 19:56:24.017,canceled,2025-04-16 19:56:21.663
0x4438925333cfe70d42ca26f24804b7e9c7ffe256464953b7a3a6eaf2c0fb0e9f,0x9f70beeed6a8ea48b1eab7a608a2af600d432ee6eda7fba2965875a8e9702b77,0x935b705b5943b0e1b859651d2ccf375bc96dfdd7000000000000000000000046,limit,buy,312700000,41,2025-04-16 19:56:21.663,canceled,2025-04-16 19:56:21.014
0x1ec4f3289df8d83281812afb7fd8d7b1c18e915859601820e3c28a30a6eb1727,0x9f70beeed6a8ea48b1eab7a608a2af600d432ee6eda7fba2965875a8e9702b77,0x935b705b5943b0e1b859651d2ccf375bc96dfdd7000000000000000000000046,limit,sell,312890000,41,2025-04-16 19:56:21.663,canceled,2025-04-16 19:56:21.014
0xe4c0ba2e6e2d562b0db0a28fa6e8f988d65aba40f0e6bd856b351f5e87becfbf,0x9f70beeed6a8ea48b1eab7a608a2af600d432ee6eda7fba2965875a8e9702b77,0x935b705b5943b0e1b859651d2ccf375bc96dfdd7000000000000000000000046,limit,buy,312700000,41,2025-04-16 19:56:21.014,canceled,2025-04-16 19:56:19.845
0x8a5ead386d03862a74c8d050d139b6bad4c7bd98911ea79ef7d209ca4c3d59ee,0x9f70beeed6a8ea48b1eab7a608a2af600d432ee6eda7fba2965875a8e9702b77,0x935b705b5943b0e1b859651d2ccf375bc96dfdd7000000000000000000000046,limit,sell,312870000,41,2025-04-16 19:56:21.014,canceled,2025-04-16 19:56:19.845
0x7d3ac950a2a7e905bf50fe7419275c18d9b84f5ef15c99bdab6b90f754dc3160,0x9f70beeed6a8ea48b1eab7a608a2af600d432ee6eda7fba2965875a8e9702b77,0x935b705b5943b0e1b859651d2ccf375bc96dfdd7000000000000000000000046,limit,buy,312280000,41,2025-04-16 19:56:19.845,canceled,2025-04-16 19:56:19.189
0xcb1b1f5ee98b1b6561412716b38d8ffb6a51a3dcfc1574bd5cdf07f2729a35d7,0x9f70beeed6a8ea48b1eab7a608a2af600d432ee6eda7fba2965875a8e9702b77,0x935b705b5943b0e1b859651d2ccf375bc96dfdd7000000000000000000000046,limit,sell,312740000,41,2025-04-16 19:56:19.845,canceled,2025-04-16 19:56:19.189
0xdb43c5bd49dae7f1daae4db176c655c53be5600181877289c7ef56e2e78e01b1,0x9f70beeed6a8ea48b1eab7a608a2af600d432ee6eda7fba2965875a8e9702b77,0x935b705b5943b0e1b859651d2ccf375bc96dfdd7000000000000000000000046,limit,buy,311900000,41,2025-04-16 19:56:19.189,canceled,2025-04-16 19:56:18.648
0x458c705f85e3fe4e07bbf489dddd3c18df5b1c4320a487efb164f255f0858858,0x9f70beeed6a8ea48b1eab7a608a2af600d432ee6eda7fba2965875a8e9702b77,0x935b705b5943b0e1b859651d2ccf375bc96dfdd7000000000000000000000046,limit,sell,312370000,41,2025-04-16 19:56:19.189,canceled,2025-04-16 19:56:18.648
0x4d3068ef2f509b6f95c6bcd85e8b57600fc2c27388b68dd8d07e9917be9e7eb0,0x9f70beeed6a8ea48b1eab7a608a2af600d432ee6eda7fba2965875a8e9702b77,0x935b705b5943b0e1b859651d2ccf375bc96dfdd7000000000000000000000046,limit,buy,311350000,41,2025-04-16 19:56:18.648,canceled,2025-04-16 19:56:06.331
0xcb9e4500d337e9f0cb936adcb3c2e2de52ada0ed4f55a56093fc6ffa2d186740,0x9f70beeed6a8ea48b1eab7a608a2af600d432ee6eda7fba2965875a8e9702b77,0x935b705b5943b0e1b859651d2ccf375bc96dfdd7000000000000000000000046,limit,sell,311890000,41,2025-04-16 19:56:18.648,canceled,2025-04-16 19:56:06.331
0x9d36f04a720c4879ba42e17c98281a6387b22c15475cd0adf77348cbb47fe465,0x9f70beeed6a8ea48b1eab7a608a2af600d432ee6eda7fba2965875a8e9702b77,0x935b705b5943b0e1b859651d2ccf375bc96dfdd7000000000000000000000046,limit,buy,311360000,41,2025-04-16 19:56:06.331,canceled,2025-04-16 19:56:05.682
0xbe2fdcff02707c65beb1bb1648c083f27ff7c3901dc128ecb2e7e18d1c4fc96b,0x9f70beeed6a8ea48b1eab7a608a2af600d432ee6eda7fba2965875a8e9702b77,0x935b705b5943b0e1b859651d2ccf375bc96dfdd7000000000000000000000046,limit,sell,311890000,41,2025-04-16 19:56:06.331,canceled,2025-04-16 19:56:05.682
0x792b0fb8687b519ffad411c6d8b8daaba0755cf3d98c327a76fe18de21e163cf,0x9f70beeed6a8ea48b1eab7a608a2af600d432ee6eda7fba2965875a8e9702b77,0x935b705b5943b0e1b859651d2ccf375bc96dfdd7000000000000000000000046,limit,buy,311540000,41,2025-04-16 19:56:05.682,canceled,2025-04-16 19:56:03.696
0xf239d10483791a0887a72383ebff393d01453d2e94d86abe15db4f472e945028,0x9f70beeed6a8ea48b1eab7a608a2af600d432ee6eda7fba2965875a8e9702b77,0x935b705b5943b0e1b859651d2ccf375bc96dfdd7000000000000000000000046,limit,sell,311910000,41,2025-04-16 19:56:05.682,canceled,2025-04-16 19:56:03.696
0xf7d19e712856e52de119c7ef3fc4f2dc392c34cf1ec4301661d15b52ad11ec8d,0x9f70beeed6a8ea48b1eab7a608a2af600d432ee6eda7fba2965875a8e9702b77,0x935b705b5943b0e1b859651d2ccf375bc96dfdd7000000000000000000000046,limit,buy,311560000,41,2025-04-16 19:56:03.696,canceled,2025-04-16 19:55:59.170
0x26816514a55ebdba2d8f6701dd0fbb0be10cc692a1bb9f86606c06791fcd8d77,0x9f70beeed6a8ea48b1eab7a608a2af600d432ee6eda7fba2965875a8e9702b77,0x935b705b5943b0e1b859651d2ccf375bc96dfdd7000000000000000000000046,limit,sell,311940000,41,2025-04-16 19:56:03.696,canceled,2025-04-16 19:55:59.170
0xf57e1bacdba5dc56161e1520515b69fb1db71061be9c12839215e3e7a5f85065,0x9f70beeed6a8ea48b1eab7a608a2af600d432ee6eda7fba2965875a8e9702b77,0x935b705b5943b0e1b859651d2ccf375bc96dfdd7000000000000000000000046,limit,buy,311350000,41,2025-04-16 19:55:59.170,canceled,2025-04-16 19:55:49.942
0x7b52e6365070e31a2c67c5cf6499c95b0ca170f1d8fcf6911069735e6bd954fe,0x9f70beeed6a8ea48b1eab7a608a2af600d432ee6eda7fba2965875a8e9702b77,0x935b705b5943b0e1b859651d2ccf375bc96dfdd7000000000000000000000046,limit,sell,311930000,41,2025-04-16 19:55:59.170,canceled,2025-04-16 19:55:49.942
0xf8e7fad22ebfc193581af29e2b39c4dae73f8f1fbca8ddcf3694d932ecedd88f,0x9f70beeed6a8ea48b1eab7a608a2af600d432ee6eda7fba2965875a8e9702b77,0x935b705b5943b0e1b859651d2ccf375bc96dfdd7000000000000000000000046,limit,buy,311350000,41,2025-04-16 19:55:49.942,canceled,2025-04-16 19:55:49.305
0x85c62707d8efb33f50bdff2565c6db9ce82ce4f47da74ee52894e35f99ec421b,0x9f70beeed6a8ea48b1eab7a608a2af600d432ee6eda7fba2965875a8e9702b77,0x935b705b5943b0e1b859651d2ccf375bc96dfdd7000000000000000000000046,limit,sell,311720000,41,2025-04-16 19:55:49.942,canceled,2025-04-16 19:55:49.305
0x18ebf404a3a2c28889d5da30e2177dcca7bfa4de97020599b82dc57842e8d141,0x9f70beeed6a8ea48b1eab7a608a2af600d432ee6eda7fba2965875a8e9702b77,0x935b705b5943b0e1b859651d2ccf375bc96dfdd7000000000000000000000046,limit,buy,311400000,41,2025-04-16 19:55:49.305,canceled,2025-04-16 19:55:43.957
0x201dbfcf2100dcafe94204be06ab70858394ddfec726a9fc9b89be600b42c744,0x9f70beeed6a8ea48b1eab7a608a2af600d432ee6eda7fba2965875a8e9702b77,0x935b705b5943b0e1b859651d2ccf375bc96dfdd7000000000000000000000046,limit,sell,311950000,41,2025-04-16 19:55:49.305,canceled,2025-04-16 19:55:43.957
0xeef0c5e4e01d06c8c62ab8e90ae0832d635a464d1f9ff9881503c2bb77af186a,0x9f70beeed6a8ea48b1eab7a608a2af600d432ee6eda7fba2965875a8e9702b77,0x935b705b5943b0e1b859651d2ccf375bc96dfdd7000000000000000000000046,limit,buy,311320000,41,2025-04-16 19:55:43.957,canceled,2025-04-16 19:55:43.276
0x338c071fbb9aee41896edfe40cf7830767eb33622ab46c1d49dc27c264d97fb1,0x9f70beeed6a8ea48b1eab7a608a2af600d432ee6eda7fba2965875a8e9702b77,0x935b705b5943b0e1b859651d2ccf375bc96dfdd7000000000000000000000046,limit,sell,311690000,41,2025-04-16 19:55:43.957,canceled,2025-04-16 19:55:43.276
0x4e34a7554c5ebdd4746c7f3a1518f7400051e7197024c35126608c8fbe46bc88,0x9f70beeed6a8ea48b1eab7a608a2af600d432ee6eda7fba2965875a8e9702b77,0x935b705b5943b0e1b859651d2ccf375bc96dfdd7000000000000000000000046,limit,buy,311430000,41,2025-04-16 19:55:43.276,canceled,2025-04-16 19:55:42.642
0x74616b70ec02371a6891be7e50348ba894ee34b8c9bffb6911b130cfdcd7552b,0x9f70beeed6a8ea48b1eab7a608a2af600d432ee6eda7fba2965875a8e9702b77,0x935b705b5943b0e1b859651d2ccf375bc96dfdd7000000000000000000000046,limit,sell,311690000,41,2025-04-16 19:55:43.276,canceled,2025-04-16 19:55:42.642
0xeaa099ea808ab0c082a6cc21e3d4052aea1852e9f992c3d7b9414d5ff5253fad,0x9f70beeed6a8ea48b1eab7a608a2af600d432ee6eda7fba2965875a8e9702b77,0x935b705b5943b0e1b859651d2ccf375bc96dfdd7000000000000000000000046,limit,buy,311290000,41,2025-04-16 19:55:42.642,canceled,2025-04-16 19:55:41.469
0xb9f9d364444a326a0a88b65822a628537f8b4533736b3efafdf3e285ee2091ea,0x9f70beeed6a8ea48b1eab7a608a2af600d432ee6eda7fba2965875a8e9702b77,0x935b705b5943b0e1b859651d2ccf375bc96dfdd7000000000000000000000046,limit,sell,311610000,41,2025-04-16 19:55:42.642,canceled,2025-04-16 19:55:41.469
0x3f2e5b217ede0c96a428413a6e01adfbb034e015e65e95a3a68a7ed1889a2314,0x9f70beeed6a8ea48b1eab7a608a2af600d432ee6eda7fba2965875a8e9702b77,0x935b705b5943b0e1b859651d2ccf375bc96dfdd7000000000000000000000046,limit,buy,311110000,41,2025-04-16 19:55:41.469,canceled,2025-04-16 19:55:38.411
0xfcbfa0b41b543d14e6276179f3f975d0603bf85d16d0ee8617a13355ff0c5862,0x9f70beeed6a8ea48b1eab7a608a2af600d432ee6eda7fba2965875a8e9702b77,0x935b705b5943b0e1b859651d2ccf375bc96dfdd7000000000000000000000046,limit,sell,311590000,41,2025-04-16 19:55:41.469,canceled,2025-04-16 19:55:38.411
0x9c18d7f58b0ec9387d62d3ad03e356b216eb88170e7750fa9412135c95a3388c,0x9f70beeed6a8ea48b1eab7a608a2af600d432ee6eda7fba2965875a8e9702b77,0x935b705b5943b0e1b859651d2ccf375bc96dfdd7000000000000000000000046,limit,buy,311150000,41,2025-04-16 19:55:38.411,canceled,2025-04-16 19:55:37.745
0x2a1fbb2f7ebf94e8a5e47bfe248f0a00cae72881a3a2ea14f66b7055ae4086f3,0x9f70beeed6a8ea48b1eab7a608a2af600d432ee6eda7fba2965875a8e9702b77,0x935b705b5943b0e1b859651d2ccf375bc96dfdd7000000000000000000000046,limit,sell,311590000,41,2025-04-16 19:55:38.411,canceled,2025-04-16 19:55:37.745
0xabcd0382cb35bde3262874f6efbe188a117ac92b4c491c8dabcffe1bc535589b,0x9f70beeed6a8ea48b1eab7a608a2af600d432ee6eda7fba2965875a8e9702b77,0x935b705b5943b0e1b859651d2ccf375bc96dfdd7000000000000000000000046,limit,buy,311240000,41,2025-04-16 19:55:37.745,canceled,2025-04-16 19:55:37.066
0x9494e24b682db74db9cee3f3e4f468048d3b34d6a95a6d23ffee56366da16af0,0x9f70beeed6a8ea48b1eab7a608a2af600d432ee6eda7fba2965875a8e9702b77,0x935b705b5943b0e1b859651d2ccf375bc96dfdd7000000000000000000000046,limit,sell,311490000,41,2025-04-16 19:55:37.745,canceled,2025-04-16 19:55:37.066
0x06b1a611c8bb64a6c9caa5a6b71da162e7e69777ccfe7cf9cb354ecf84f866c8,0x9f70beeed6a8ea48b1eab7a608a2af600d432ee6eda7fba2965875a8e9702b77,0x935b705b5943b0e1b859651d2ccf375bc96dfdd7000000000000000000000046,limit,buy,310870000,41,2025-04-16 19:55:37.066,canceled,2025-04-16 19:55:20.627
0x521ff91a6edd0009619a59940b47c4e6951286eac9541ac6f0530125407cbe50,0x9f70beeed6a8ea48b1eab7a608a2af600d432ee6eda7fba2965875a8e9702b77,0x935b705b5943b0e1b859651d2ccf375bc96dfdd7000000000000000000000046,limit,sell,311530000,41,2025-04-16 19:55:37.066,canceled,2025-04-16 19:55:20.627
0xb485348d8a0ddf2e810e5ee394f835be0f64cf6e1778e30ab2234be5997845ec,0x9f70beeed6a8ea48b1eab7a608a2af600d432ee6eda7fba2965875a8e9702b77,0x935b705b5943b0e1b859651d2ccf375bc96dfdd7000000000000000000000046,limit,buy,310780000,41,2025-04-16 19:55:20.627,canceled,2025-04-16 19:55:18.268
0x4ca84115b417cf82310daae4c0b70ad2ac1be4f6c3c0b6e460c8f84cb3f3daae,0x9f70beeed6a8ea48b1eab7a608a2af600d432ee6eda7fba2965875a8e9702b77,0x935b705b5943b0e1b859651d2ccf375bc96dfdd7000000000000000000000046,limit,sell,311420000,41,2025-04-16 19:55:20.627,canceled,2025-04-16 19:55:18.268
0xd645e9f93de5b2d6876455fff7cb29eb89c4abb93a6368e09d7cfcd9a082a756,0x9f70beeed6a8ea48b1eab7a608a2af600d432ee6eda7fba2965875a8e9702b77,0x935b705b5943b0e1b859651d2ccf375bc96dfdd7000000000000000000000046,limit,buy,310800000,41,2025-04-16 19:55:18.268,canceled,2025-04-16 19:55:17.065
0x31be0f9f3e38ff554dfa6367d2ca2330a91dacc3c8f48a47f38e064804ebe0e4,0x9f70beeed6a8ea48b1eab7a608a2af600d432ee6eda7fba2965875a8e9702b77,0x935b705b5943b0e1b859651d2ccf375bc96dfdd7000000000000000000000046,limit,sell,311420000,41,2025-04-16 19:55:18.268,canceled,2025-04-16 19:55:17.065
0x8ee2e1c10426e3ff1a8320931fb8950cf8491c32435e9ac44f02f41303b500e7,0x9f70beeed6a8ea48b1eab7a608a2af600d432ee6eda7fba2965875a8e9702b77,0x935b705b5943b0e1b859651d2ccf375bc96dfdd7000000000000000000000046,limit,buy,310620000,41,2025-04-16 19:55:17.065,canceled,2025-04-16 19:55:15.506
0x09a11e343be9f011a96e8f592e4a334e0b4826a53fc33656261bc1fe42093e02,0x9f70beeed6a8ea48b1eab7a608a2af600d432ee6eda7fba2965875a8e9702b77,0x935b705b5943b0e1b859651d2ccf375bc96dfdd7000000000000000000000046,limit,sell,311400000,41,2025-04-16 19:55:17.065,canceled,2025-04-16 19:55:15.506
0xd7cb18aa03d1bce2e6d154bdfe588e69e4b0edfd5645239ee58ca55034996754,0x9f70beeed6a8ea48b1eab7a608a2af600d432ee6eda7fba2965875a8e9702b77,0x935b705b5943b0e1b859651d2ccf375bc96dfdd7000000000000000000000046,limit,buy,310560000,41,2025-04-16 19:55:15.506,canceled,2025-04-16 19:55:14.535
0xc3b02f2c0799cfd3ec7692390ecfc44e284130ec8c7d098a157f30a373d0156f,0x9f70beeed6a8ea48b1eab7a608a2af600d432ee6eda7fba2965875a8e9702b77,0x935b705b5943b0e1b859651d2ccf375bc96dfdd7000000000000000000000046,limit,sell,310890000,41,2025-04-16 19:55:15.506,canceled,2025-04-16 19:55:14.535
0xbeafcd146ae2028f98bd8a291a73743c6c26d7612d7e85383cd993e8d2ff74f6,0x9f70beeed6a8ea48b1eab7a608a2af600d432ee6eda7fba2965875a8e9702b77,0x935b705b5943b0e1b859651d2ccf375bc96dfdd7000000000000000000000046,limit,buy,310480000,41,2025-04-16 19:55:14.535,canceled,2025-04-16 19:55:12.215
0x5e88db2527c4b258afec9c6b2c9c1b1d92cb89e477c55ef961b75cee2b58638a,0x9f70beeed6a8ea48b1eab7a608a2af600d432ee6eda7fba2965875a8e9702b77,0x935b705b5943b0e1b859651d2ccf375bc96dfdd7000000000000000000000046,limit,sell,311210000,41,2025-04-16 19:55:14.535,canceled,2025-04-16 19:55:12.215
0x302b6fa06f1b2d30d66a74a3d4d698575f62c429f3f5eb07981a4c457e6fe21e,0x9f70beeed6a8ea48b1eab7a608a2af600d432ee6eda7fba2965875a8e9702b77,0x935b705b5943b0e1b859651d2ccf375bc96dfdd7000000000000000000000046,limit,buy,310660000,41,2025-04-16 19:55:12.215,canceled,2025-04-16 19:55:09.873
0x64f8c3241f34272475d3bf5b75d47dae34617319e5f0186497be5d38b4c1ac0f,0x9f70beeed6a8ea48b1eab7a608a2af600d432ee6eda7fba2965875a8e9702b77,0x935b705b5943b0e1b859651d2ccf375bc96dfdd7000000000000000000000046,limit,sell,311150000,41,2025-04-16 19:55:12.215,canceled,2025-04-16 19:55:09.873
0x803e33679dc091f3f7900ed508f300c1e71f1e9ef13f4f8a4a35366a86db2021,0x9f70beeed6a8ea48b1eab7a608a2af600d432ee6eda7fba2965875a8e9702b77,0x935b705b5943b0e1b859651d2ccf375bc96dfdd7000000000000000000000046,limit,buy,310480000,41,2025-04-16 19:55:09.873,canceled,2025-04-16 19:55:05.933
0xb6f545fa119db70ed7239a5368932dff09585731e312b42982b8576c72b168bf,0x9f70beeed6a8ea48b1eab7a608a2af600d432ee6eda7fba2965875a8e9702b77,0x935b705b5943b0e1b859651d2ccf375bc96dfdd7000000000000000000000046,limit,sell,311080000,41,2025-04-16 19:55:09.873,canceled,2025-04-16 19:55:05.933
0x5f318a66de3e9b2e70c8a4ba18a3349e2e8dd1071a1f1c349959e6f470c4c454,0x9f70beeed6a8ea48b1eab7a608a2af600d432ee6eda7fba2965875a8e9702b77,0x935b705b5943b0e1b859651d2ccf375bc96dfdd7000000000000000000000046,limit,buy,310590000,41,2025-04-16 19:55:05.933,canceled,2025-04-16 19:55:04.671
0x0224d44f8c875839a3a0b0d02296294c5c1337317b700bf88ce9e6de564e7c2b,0x9f70beeed6a8ea48b1eab7a608a2af600d432ee6eda7fba2965875a8e9702b77,0x935b705b5943b0e1b859651d2ccf375bc96dfdd7000000000000000000000046,limit,sell,311000000,41,2025-04-16 19:55:05.933,canceled,2025-04-16 19:55:04.671
0x54db333beef4d0601f7059ee2c2cfb0ee492c6ca301e2e5fb942b602729a0480,0x9f70beeed6a8ea48b1eab7a608a2af600d432ee6eda7fba2965875a8e9702b77,0x935b705b5943b0e1b859651d2ccf375bc96dfdd7000000000000000000000046,limit,buy,310590000,41,2025-04-16 19:55:04.671,canceled,2025-04-16 19:55:03.565
0x76ae4723a3f10048eb84f4f4c6c5a7820aeaa1343f87b9fb8e9bf40d6c779625,0x9f70beeed6a8ea48b1eab7a608a2af600d432ee6eda7fba2965875a8e9702b77,0x935b705b5943b0e1b859651d2ccf375bc96dfdd7000000000000000000000046,limit,sell,311400000,41,2025-04-16 19:55:04.671,canceled,2025-04-16 19:55:03.565
0x36060d50fc56df2d43a7b221be2b4009f02192b837038a1f9cc3a4eab75d872d,0x9f70beeed6a8ea48b1eab7a608a2af600d432ee6eda7fba2965875a8e9702b77,0x935b705b5943b0e1b859651d2ccf375bc96dfdd7000000000000000000000046,limit,buy,310640000,41,2025-04-16 19:55:03.565,canceled,2025-04-16 19:55:02.391
0xdf8642954eafcb15199d6222965775854e7cadceba73d91c3843105372b64623,0x9f70beeed6a8ea48b1eab7a608a2af600d432ee6eda7fba2965875a8e9702b77,0x935b705b5943b0e1b859651d2ccf375bc96dfdd7000000000000000000000046,limit,sell,311400000,41,2025-04-16 19:55:03.565,canceled,2025-04-16 19:55:02.391
0x18dfccf335917ab0876bfe0b37ff9825738a54e4cfc6dd287217c379665bd8d6,0x9f70beeed6a8ea48b1eab7a608a2af600d432ee6eda7fba2965875a8e9702b77,0x935b705b5943b0e1b859651d2ccf375bc96dfdd7000000000000000000000046,limit,buy,311510000,41,2025-04-16 19:55:02.391,canceled,2025-04-16 19:55:01.230
0xade8d783943088d2d304f16218302d9d072737022163b438cbdae53aae4b624b,0x9f70beeed6a8ea48b1eab7a608a2af600d432ee6eda7fba2965875a8e9702b77,0x935b705b5943b0e1b859651d2ccf375bc96dfdd7000000000000000000000046,limit,sell,312150000,41,2025-04-16 19:55:02.391,canceled,2025-04-16 19:55:01.230
0x79c6d53cffb92786255cc5246494fc552bb813a5c59355b2d409c976a1b545cd,0x9f70beeed6a8ea48b1eab7a608a2af600d432ee6eda7fba2965875a8e9702b77,0x935b705b5943b0e1b859651d2ccf375bc96dfdd7000000000000000000000046,limit,buy,311680000,41,2025-04-16 19:55:01.230,canceled,2025-04-16 19:54:59.850
0x94c45a083f6112453e3b4fb29be03aa8a783851b658b02b652981f0402a1d780,0x9f70beeed6a8ea48b1eab7a608a2af600d432ee6eda7fba2965875a8e9702b77,0x935b705b5943b0e1b859651d2ccf375bc96dfdd7000000000000000000000046,limit,sell,312210000,41,2025-04-16 19:55:01.230,canceled,2025-04-16 19:54:59.850
0xb0fe205e2db035735633b8669f8d1206f909cd2edeaa417ab445802ee1f109e8,0x9f70beeed6a8ea48b1eab7a608a2af600d432ee6eda7fba2965875a8e9702b77,0x935b705b5943b0e1b859651d2ccf375bc96dfdd7000000000000000000000046,limit,buy,311800000,41,2025-04-16 19:54:59.850,canceled,2025-04-16 19:54:57.380
0xa11f76ef7e3d3fd40d1058e0ba61ba0646ea06ff80e5932814bea05cd21be207,0x9f70beeed6a8ea48b1eab7a608a2af600d432ee6eda7fba2965875a8e9702b77,0x935b705b5943b0e1b859651d2ccf375bc96dfdd7000000000000000000000046,limit,sell,312240000,41,2025-04-16 19:54:59.850,canceled,2025-04-16 19:54:57.380
0x508ba055a19fd3c4cb283b91e6aebcb403ef172b55de8b6424c71416d05fa5ad,0x9f70beeed6a8ea48b1eab7a608a2af600d432ee6eda7fba2965875a8e9702b77,0x935b705b5943b0e1b859651d2ccf375bc96dfdd7000000000000000000000046,limit,buy,311870000,41,2025-04-16 19:54:57.380,canceled,2025-04-16 19:54:56.655
0xda427a1c0baad3759dda6e6921e77a331efd9967231485fe42925e320a2c68bc,0x9f70beeed6a8ea48b1eab7a608a2af600d432ee6eda7fba2965875a8e9702b77,0x935b705b5943b0e1b859651d2ccf375bc96dfdd7000000000000000000000046,limit,sell,312020000,41,2025-04-16 19:54:57.380,canceled,2025-04-16 19:54:56.655
0xe6fcc6c281ec645fc2396fc6a46e0f7b369a9763ac330719f18ade39028c4d5c,0x9f70beeed6a8ea48b1eab7a608a2af600d432ee6eda7fba2965875a8e9702b77,0x935b705b5943b0e1b859651d2ccf375bc96dfdd7000000000000000000000046,limit,buy,311470000,41,2025-04-16 19:54:56.655,canceled,2025-04-16 19:54:52.677
0x1bb1687fbf33a17cfef12a2cbc2bd8af3d5f47c150c3d1241f2913191f79d296,0x9f70beeed6a8ea48b1eab7a608a2af600d432ee6eda7fba2965875a8e9702b77,0x935b705b5943b0e1b859651d2ccf375bc96dfdd7000000000000000000000046,limit,sell,312000000,41,2025-04-16 19:54:56.655,canceled,2025-04-16 19:54:52.677
0x6cfd39035effc466654a48cbaf023c3e9152dbf09b40620396d809b91cac3b75,0x9f70beeed6a8ea48b1eab7a608a2af600d432ee6eda7fba2965875a8e9702b77,0x935b705b5943b0e1b859651d2ccf375bc96dfdd7000000000000000000000046,limit,buy,311530000,41,2025-04-16 19:54:52.677,canceled,2025-04-16 19:54:51.899
0x0509c0500c0de7aa577d50fbadc398baa3d4d357a71a317ff613246159bdea1f,0x9f70beeed6a8ea48b1eab7a608a2af600d432ee6eda7fba2965875a8e9702b77,0x935b705b5943b0e1b859651d2ccf375bc96dfdd7000000000000000000000046,limit,sell,312000000,41,2025-04-16 19:54:52.677,canceled,2025-04-16 19:54:51.899
0xba829a49f553b2357061271082796fadc0dd6ad640ce7943d421aa6174a366fa,0x9f70beeed6a8ea48b1eab7a608a2af600d432ee6eda7fba2965875a8e9702b77,0x935b705b5943b0e1b859651d2ccf375bc96dfdd7000000000000000000000046,limit,buy,311590000,41,2025-04-16 19:54:51.899,canceled,2025-04-16 19:54:49.943
0x4c469a78158f9cf0ea9ecb170517d79813cd6616433e0e85eb348ac67a836272,0x9f70beeed6a8ea48b1eab7a608a2af600d432ee6eda7fba2965875a8e9702b77,0x935b705b5943b0e1b859651d2ccf375bc96dfdd7000000000000000000000046,limit,sell,312000000,41,2025-04-16 19:54:51.899,canceled,2025-04-16 19:54:49.943
0x575769bfe93a89f4ee89c52abfb7eee4bb02e2278d0aa1c59e5b1621aac57b4c,0x9f70beeed6a8ea48b1eab7a608a2af600d432ee6eda7fba2965875a8e9702b77,0x935b705b5943b0e1b859651d2ccf375bc96dfdd7000000000000000000000046,limit,buy,311470000,41,2025-04-16 19:54:49.943,canceled,2025-04-16 19:54:46.004
0xe3b6b71337faed33ec9139bdb8be82a8b9567702cca1e55fe6fbbfe002cb5c95,0x9f70beeed6a8ea48b1eab7a608a2af600d432ee6eda7fba2965875a8e9702b77,0x935b705b5943b0e1b859651d2ccf375bc96dfdd7000000000000000000000046,limit,sell,311990000,41,2025-04-16 19:54:49.943,canceled,2025-04-16 19:54:46.004
0xa3fa2a8718a2b6c1f83a6499c52fe01056f83ba3f81d2d865ee8f715ce76c44a,0x9f70beeed6a8ea48b1eab7a608a2af600d432ee6eda7fba2965875a8e9702b77,0x935b705b5943b0e1b859651d2ccf375bc96dfdd7000000000000000000000046,limit,buy,311480000,41,2025-04-16 19:54:46.004,canceled,2025-04-16 19:54:45.379
0x26865b8e90ee1b985fb4042eacc630765473ea1f1d6dd2532361a7352890299e,0x9f70beeed6a8ea48b1eab7a608a2af600d432ee6eda7fba2965875a8e9702b77,0x935b705b5943b0e1b859651d2ccf375bc96dfdd7000000000000000000000046,limit,sell,311990000,41,2025-04-16 19:54:46.004,canceled,2025-04-16 19:54:45.379
0xbb37a72f5301d00d9a790ce93255c1d3b813f69c95af4b6eec6bbbcc7664674d,0x9f70beeed6a8ea48b1eab7a608a2af600d432ee6eda7fba2965875a8e9702b77,0x935b705b5943b0e1b859651d2ccf375bc96dfdd7000000000000000000000046,limit,buy,311470000,41,2025-04-16 19:54:45.379,canceled,2025-04-16 19:54:43.697
0xed635293193beec12379ccdb0ea5aaee4af62af71d7f8c4b5d31d4d1ed0224c5,0x9f70beeed6a8ea48b1eab7a608a2af600d432ee6eda7fba2965875a8e9702b77,0x935b705b5943b0e1b859651d2ccf375bc96dfdd7000000000000000000000046,limit,sell,311910000,41,2025-04-16 19:54:45.379,canceled,2025-04-16 19:54:43.697
0x753abece21b23528ad898548b4356ec68e14176aa541db91d0d66c6a01fcbd25,0x9f70beeed6a8ea48b1eab7a608a2af600d432ee6eda7fba2965875a8e9702b77,0x935b705b5943b0e1b859651d2ccf375bc96dfdd7000000000000000000000046,limit,buy,311480000,41,2025-04-16 19:54:43.697,canceled,2025-04-16 19:54:43.051
0x45ed3a5e9e313bd65df20b480e9dbc89ea78828505c00f4325678cec4e1db9c9,0x9f70beeed6a8ea48b1eab7a608a2af600d432ee6eda7fba2965875a8e9702b77,0x935b705b5943b0e1b859651d2ccf375bc96dfdd7000000000000000000000046,limit,sell,311990000,41,2025-04-16 19:54:43.697,canceled,2025-04-16 19:54:43.051
0x05a9ec6ebc991e7d915909f6d015da83e5b9c31611d7d8b69c981e171a7e9342,0x9f70beeed6a8ea48b1eab7a608a2af600d432ee6eda7fba2965875a8e9702b77,0x935b705b5943b0e1b859651d2ccf375bc96dfdd7000000000000000000000046,limit,buy,311540000,41,2025-04-16 19:54:43.051,canceled,2025-04-16 19:54:42.403
0x6ff3183da0b73309e944123c49a13e3f3b2421acd4d0720da13da8e65b4d0b1e,0x9f70beeed6a8ea48b1eab7a608a2af600d432ee6eda7fba2965875a8e9702b77,0x935b705b5943b0e1b859651d2ccf375bc96dfdd7000000000000000000000046,limit,sell,311990000,41,2025-04-16 19:54:43.051,canceled,2025-04-16 19:54:42.403
0xf0bfb99cb8ef56194b7d59ecdb1d6d0fe594011bb9da1b9dd5218b668ed69753,0x9f70beeed6a8ea48b1eab7a608a2af600d432ee6eda7fba2965875a8e9702b77,0x935b705b5943b0e1b859651d2ccf375bc96dfdd7000000000000000000000046,limit,buy,311470000,41,2025-04-16 19:54:42.403,canceled,2025-04-16 19:54:41.613
0x8b99475847972479beb3789deb4a40fb7320d82439afc21870e4ef7864f61176,0x9f70beeed6a8ea48b1eab7a608a2af600d432ee6eda7fba2965875a8e9702b77,0x935b705b5943b0e1b859651d2ccf375bc96dfdd7000000000000000000000046,limit,sell,311940000,41,2025-04-16 19:54:42.403,canceled,2025-04-16 19:54:41.613
0xf549e60637a5a601112d5104464abf581fbd0c4d85cea2b0132d516751219645,0x9f70beeed6a8ea48b1eab7a608a2af600d432ee6eda7fba2965875a8e9702b77,0x935b705b5943b0e1b859651d2ccf375bc96dfdd7000000000000000000000046,limit,buy,311160000,41,2025-04-16 19:54:41.613,canceled,2025-04-16 19:54:40.981
0xb92a313fb115d6eabb58aa99eb8405e781b850a7d769f97edf3a0e8a958df4d0,0x9f70beeed6a8ea48b1eab7a608a2af600d432ee6eda7fba2965875a8e9702b77,0x935b705b5943b0e1b859651d2ccf375bc96dfdd7000000000000000000000046,limit,sell,311810000,41,2025-04-16 19:54:41.613,canceled,2025-04-16 19:54:40.981
0x9fcf491d77c24df006308822b2cb899af3f4a49a6e61b5f93f532657ffd7aeab,0x9f70beeed6a8ea48b1eab7a608a2af600d432ee6eda7fba2965875a8e9702b77,0x935b705b5943b0e1b859651d2ccf375bc96dfdd7000000000000000000000046,limit,buy,311150000,41,2025-04-16 19:54:40.981,canceled,2025-04-16 19:54:40.311
0x458686bc7108bf83aa75f39cdeae8010120ba787d183c06f7d33ab2e44c7df0f,0x9f70beeed6a8ea48b1eab7a608a2af600d432ee6eda7fba2965875a8e9702b77,0x935b705b5943b0e1b859651d2ccf375bc96dfdd7000000000000000000000046,limit,sell,311770000,41,2025-04-16 19:54:40.981,canceled,2025-04-16 19:54:40.311
0x950d5db53d29ffa2523790f1aeee37a1c31d94464b7e7d470bdc6c172049f0d8,0x9f70beeed6a8ea48b1eab7a608a2af600d432ee6eda7fba2965875a8e9702b77,0x935b705b5943b0e1b859651d2ccf375bc96dfdd7000000000000000000000046,limit,buy,311160000,41,2025-04-16 19:54:40.311,canceled,2025-04-16 19:54:39.024
0xc9da6b5448158cf629dc3b633f94f3d860e40f62b2b498b03a78b6746669dbd4,0x9f70beeed6a8ea48b1eab7a608a2af600d432ee6eda7fba2965875a8e9702b77,0x935b705b5943b0e1b859651d2ccf375bc96dfdd7000000000000000000000046,limit,sell,311720000,41,2025-04-16 19:54:40.311,canceled,2025-04-16 19:54:39.024
0x944a3f2afebb37ce8741f13e5fba815b423d3fabb4546b09e21614ee41b39380,0x9f70beeed6a8ea48b1eab7a608a2af600d432ee6eda7fba2965875a8e9702b77,0x935b705b5943b0e1b859651d2ccf375bc96dfdd7000000000000000000000046,limit,buy,311150000,41,2025-04-16 19:54:39.024,canceled,2025-04-16 19:54:38.338
0xf50a70c8079b9a38859d0f660496e978bc6c0b25ac05ecb16a054172ffbfd369,0x9f70beeed6a8ea48b1eab7a608a2af600d432ee6eda7fba2965875a8e9702b77,0x935b705b5943b0e1b859651d2ccf375bc96dfdd7000000000000000000000046,limit,sell,311670000,41,2025-04-16 19:54:39.024,canceled,2025-04-16 19:54:38.338
0xd7e40fde6d7b634c4c252ad4b2bda26c7c038dce633005abfc3e25023baa3628,0x9f70beeed6a8ea48b1eab7a608a2af600d432ee6eda7fba2965875a8e9702b77,0x935b705b5943b0e1b859651d2ccf375bc96dfdd7000000000000000000000046,limit,buy,311160000,41,2025-04-16 19:54:38.338,canceled,2025-04-16 19:54:37.692
0x061fa2e9387abab6e5781c3037e0fec210a16c10568fc7627dc6baf206dae64f,0x9f70beeed6a8ea48b1eab7a608a2af600d432ee6eda7fba2965875a8e9702b77,0x935b705b5943b0e1b859651d2ccf375bc96dfdd7000000000000000000000046,limit,sell,311670000,41,2025-04-16 19:54:38.338,canceled,2025-04-16 19:54:37.692
0x99a44f36f42b62e037f5ed3c3f20581e3e61f8ea95de3f7c1e2198b75f020fa0,0x9f70beeed6a8ea48b1eab7a608a2af600d432ee6eda7fba2965875a8e9702b77,0x935b705b5943b0e1b859651d2ccf375bc96dfdd7000000000000000000000046,limit,buy,311080000,41,2025-04-16 19:54:37.692,canceled,2025-04-16 19:54:31.773
0xb23c2fc7f6e2e83373934d7a9806728e9d63a7d3f7002cc2baf5ade8688f96ff,0x9f70beeed6a8ea48b1eab7a608a2af600d432ee6eda7fba2965875a8e9702b77,0x935b705b5943b0e1b859651d2ccf375bc96dfdd7000000000000000000000046,limit,sell,311640000,41,2025-04-16 19:54:37.692,canceled,2025-04-16 19:54:31.773
0x6cc9921e3f5037333ee0a049076a563b337ac3ec2f5e24798df28f5bf0663e6e,0x9f70beeed6a8ea48b1eab7a608a2af600d432ee6eda7fba2965875a8e9702b77,0x935b705b5943b0e1b859651d2ccf375bc96dfdd7000000000000000000000046,limit,buy,311090000,41,2025-04-16 19:54:31.773,canceled,2025-04-16 19:54:30.728
0x8871d8f0e0e941586996dfecb1852f1b78405119a3d6bdfe802245105bdd09fb,0x9f70beeed6a8ea48b1eab7a608a2af600d432ee6eda7fba2965875a8e9702b77,0x935b705b5943b0e1b859651d2ccf375bc96dfdd7000000000000000000000046,limit,sell,311620000,41,2025-04-16 19:54:31.773,canceled,2025-04-16 19:54:30.728
0x7fca5f99658b297bee7c3ac6a6222943f2d65965937e5d4786e1a00672a5100d,0x9f70beeed6a8ea48b1eab7a608a2af600d432ee6eda7fba2965875a8e9702b77,0x935b705b5943b0e1b859651d2ccf375bc96dfdd7000000000000000000000046,limit,buy,311260000,41,2025-04-16 19:54:30.728,canceled,2025-04-16 19:54:28.525
0xc161aeded43515c88c7584226e721a2ee2994598720001303f4be4ad68006663,0x9f70beeed6a8ea48b1eab7a608a2af600d432ee6eda7fba2965875a8e9702b77,0x935b705b5943b0e1b859651d2ccf375bc96dfdd7000000000000000000000046,limit,sell,311590000,41,2025-04-16 19:54:30.728,canceled,2025-04-16 19:54:28.525
0x6747603e78a7bd7bc8570d27cb79f6802c3e0e53c6f426a7e78d1f833f702fda,0x9f70beeed6a8ea48b1eab7a608a2af600d432ee6eda7fba2965875a8e9702b77,0x935b705b5943b0e1b859651d2ccf375bc96dfdd7000000000000000000000046,limit,buy,311070000,41,2025-04-16 19:54:28.525,canceled,2025-04-16 19:54:26.619
0x56a6b90a8ec104f8a8409c595c329957921f0f2c4870492215cfd8f2da7a89c1,0x9f70beeed6a8ea48b1eab7a608a2af600d432ee6eda7fba2965875a8e9702b77,0x935b705b5943b0e1b859651d2ccf375bc96dfdd7000000000000000000000046,limit,sell,311460000,41,2025-04-16 19:54:28.525,canceled,2025-04-16 19:54:26.619
0x8143a4a884075c12ca8ef9e1ceac6c6ee1f8ad175ffb9a23b854a3ad2e129025,0x9f70beeed6a8ea48b1eab7a608a2af600d432ee6eda7fba2965875a8e9702b77,0x935b705b5943b0e1b859651d2ccf375bc96dfdd7000000000000000000000046,limit,buy,311130000,41,2025-04-16 19:54:26.619,canceled,2025-04-16 19:54:25.369
0x5958e4b73460311080e637f781f90ce39fd9bbb22f16d1d401a29d6019973e2a,0x9f70beeed6a8ea48b1eab7a608a2af600d432ee6eda7fba2965875a8e9702b77,0x935b705b5943b0e1b859651d2ccf375bc96dfdd7000000000000000000000046,limit,sell,311460000,41,2025-04-16 19:54:26.619,canceled,2025-04-16 19:54:25.369
0x1cd1af3ebe5556eadfd98ae89f55549256448807fde5dc6da03167b6958dab2a,0x9f70beeed6a8ea48b1eab7a608a2af600d432ee6eda7fba2965875a8e9702b77,0x935b705b5943b0e1b859651d2ccf375bc96dfdd7000000000000000000000046,limit,buy,310790000,41,2025-04-16 19:54:25.369,canceled,2025-04-16 19:54:22.009
0x72d3c46861688d32eaf11fa71fd7ad4a3e79fb5d78bcad46e866881c04c0cdaa,0x9f70beeed6a8ea48b1eab7a608a2af600d432ee6eda7fba2965875a8e9702b77,0x935b705b5943b0e1b859651d2ccf375bc96dfdd7000000000000000000000046,limit,sell,311470000,41,2025-04-16 19:54:25.369,canceled,2025-04-16 19:54:22.009
0x0382a1d0609af88f80b5b5afd392d04c2db46dff2bb692cc1b4175804c3f5bbe,0x9f70beeed6a8ea48b1eab7a608a2af600d432ee6eda7fba2965875a8e9702b77,0x935b705b5943b0e1b859651d2ccf375bc96dfdd7000000000000000000000046,limit,buy,310780000,41,2025-04-16 19:54:22.009,canceled,2025-04-16 19:54:21.354
0x11db0219466b970800755795318ef0753d53c4629c398ee5b2158c54d72935b2,0x9f70beeed6a8ea48b1eab7a608a2af600d432ee6eda7fba2965875a8e9702b77,0x935b705b5943b0e1b859651d2ccf375bc96dfdd7000000000000000000000046,limit,sell,311330000,41,2025-04-16 19:54:22.009,canceled,2025-04-16 19:54:21.354
0xf02c5cde50a0c3b3c521b6a56b4e9857dfa5ece773cca487eac8cc2ebdf542de,0x9f70beeed6a8ea48b1eab7a608a2af600d432ee6eda7fba2965875a8e9702b77,0x935b705b5943b0e1b859651d2ccf375bc96dfdd7000000000000000000000046,limit,buy,310790000,41,2025-04-16 19:54:21.354,canceled,2025-04-16 19:54:17.929
0x9d446e337b193da37ed7e1f18db5da0137cfcab659a35114f094630e27a2d85e,0x9f70beeed6a8ea48b1eab7a608a2af600d432ee6eda7fba2965875a8e9702b77,0x935b705b5943b0e1b859651d2ccf375bc96dfdd7000000000000000000000046,limit,sell,311330000,41,2025-04-16 19:54:21.354,canceled,2025-04-16 19:54:17.929
0xb4b243d663c8cfec0b116765895cc1f59c12416c1636cb709ace204c9620c509,0x9f70beeed6a8ea48b1eab7a608a2af600d432ee6eda7fba2965875a8e9702b77,0x935b705b5943b0e1b859651d2ccf375bc96dfdd7000000000000000000000046,limit,buy,310780000,41,2025-04-16 19:54:17.929,canceled,2025-04-16 19:54:16.480
0x64aa81e1eb68a860e343f9f55848e8926221fdfbbf087cf9cdf52276f64a6b6d,0x9f70beeed6a8ea48b1eab7a608a2af600d432ee6eda7fba2965875a8e9702b77,0x935b705b5943b0e1b859651d2ccf375bc96dfdd7000000000000000000000046,limit,sell,311310000,41,2025-04-16 19:54:17.929,canceled,2025-04-16 19:54:16.480
0x0bd123a1463577aacb9cdf0ed350b82e291833cc33b5bc1ce3679da7aeb8111e,0x9f70beeed6a8ea48b1eab7a608a2af600d432ee6eda7fba2965875a8e9702b77,0x935b705b5943b0e1b859651d2ccf375bc96dfdd7000000000000000000000046,limit,buy,310830000,41,2025-04-16 19:54:16.480,canceled,2025-04-16 19:54:15.777
0x3adb1756054a73051bfeb5fad5020173b73e6a5a03f7653e79042c9b9ce3af4f,0x9f70beeed6a8ea48b1eab7a608a2af600d432ee6eda7fba2965875a8e9702b77,0x935b705b5943b0e1b859651d2ccf375bc96dfdd7000000000000000000000046,limit,sell,311470000,41,2025-04-16 19:54:16.480,canceled,2025-04-16 19:54:15.777
0xaab0d546f1f9db087dfbce18ccc9b27af7ae8a0cd19d8df9a409a37518fe2fb5,0x9f70beeed6a8ea48b1eab7a608a2af600d432ee6eda7fba2965875a8e9702b77,0x935b705b5943b0e1b859651d2ccf375bc96dfdd7000000000000000000000046,limit,buy,310980000,41,2025-04-16 19:54:15.777,canceled,2025-04-16 19:54:08.064
0x149b11ac8d4aa75ab3d9a7dde72d39cfc863dadd012b0d0bcf28db1cf1a3b346,0x9f70beeed6a8ea48b1eab7a608a2af600d432ee6eda7fba2965875a8e9702b77,0x935b705b5943b0e1b859651d2ccf375bc96dfdd7000000000000000000000046,limit,sell,311470000,41,2025-04-16 19:54:15.777,canceled,2025-04-16 19:54:08.064
0x694d76189c7f29aaf9698199db8653f8e6f01e72e4f20934a8f32091b66e0887,0x9f70beeed6a8ea48b1eab7a608a2af600d432ee6eda7fba2965875a8e9702b77,0x935b705b5943b0e1b859651d2ccf375bc96dfdd7000000000000000000000046,limit,buy,310880000,41,2025-04-16 19:54:08.064,canceled,2025-04-16 19:54:04.887
0x89cf18b841ebe99aa96ccd6f63efd0406f44c4a8499aa902b34c52a8a724640f,0x9f70beeed6a8ea48b1eab7a608a2af600d432ee6eda7fba2965875a8e9702b77,0x935b705b5943b0e1b859651d2ccf375bc96dfdd7000000000000000000000046,limit,sell,311410000,41,2025-04-16 19:54:08.064,canceled,2025-04-16 19:54:04.887
0xfaa88bcd7a9ddbe9abd06dc75dba1d96e19b5bafc8d9834ce36b5bee22b29ca2,0x9f70beeed6a8ea48b1eab7a608a2af600d432ee6eda7fba2965875a8e9702b77,0x935b705b5943b0e1b859651d2ccf375bc96dfdd7000000000000000000000046,limit,buy,311000000,41,2025-04-16 19:54:04.887,canceled,2025-04-16 19:54:02.849
0xe574113514eeac7a6c1908105b18f6c16fbf8c24f7ea5bb3da4333d97ecbab6b,0x9f70beeed6a8ea48b1eab7a608a2af600d432ee6eda7fba2965875a8e9702b77,0x935b705b5943b0e1b859651d2ccf375bc96dfdd7000000000000000000000046,limit,sell,311520000,41,2025-04-16 19:54:04.887,canceled,2025-04-16 19:54:02.849
0xf389228b79f72bdebab47ef4878048477a7ed096af067a19d467bc2c5db75043,0x9f70beeed6a8ea48b1eab7a608a2af600d432ee6eda7fba2965875a8e9702b77,0x935b705b5943b0e1b859651d2ccf375bc96dfdd7000000000000000000000046,limit,buy,311000000,41,2025-04-16 19:54:02.849,canceled,2025-04-16 19:54:02.202
0x58778dc10e4441fd42a6489b103a25be4c04037ff77591966f68d1888f0556ca,0x9f70beeed6a8ea48b1eab7a608a2af600d432ee6eda7fba2965875a8e9702b77,0x935b705b5943b0e1b859651d2ccf375bc96dfdd7000000000000000000000046,limit,sell,311410000,41,2025-04-16 19:54:02.849,canceled,2025-04-16 19:54:02.202
0x3fa165c4c93fbc5d437a0a280cf132f7156fa76a2fe420527e88db56a9485e34,0x9f70beeed6a8ea48b1eab7a608a2af600d432ee6eda7fba2965875a8e9702b77,0x935b705b5943b0e1b859651d2ccf375bc96dfdd7000000000000000000000046,limit,buy,311000000,41,2025-04-16 19:54:02.202,canceled,2025-04-16 19:54:01.546
0xa356453cadbb1364979566a4dc7c95ad72ade9b8c1a83648888b986480d9ee66,0x9f70beeed6a8ea48b1eab7a608a2af600d432ee6eda7fba2965875a8e9702b77,0x935b705b5943b0e1b859651d2ccf375bc96dfdd7000000000000000000000046,limit,sell,311480000,41,2025-04-16 19:54:02.202,canceled,2025-04-16 19:54:01.546
0xa13324afdb3bf3d18825656a5d824906b270f8e124d2ae13493378a5306d5360,0x9f70beeed6a8ea48b1eab7a608a2af600d432ee6eda7fba2965875a8e9702b77,0x935b705b5943b0e1b859651d2ccf375bc96dfdd7000000000000000000000046,limit,buy,310860000,41,2025-04-16 19:54:01.546,canceled,2025-04-16 19:53:48.530
0x79ecd57323c306471e220cecd9ffb8827b2580d71e9a7dc953beaafb6556dced,0x9f70beeed6a8ea48b1eab7a608a2af600d432ee6eda7fba2965875a8e9702b77,0x935b705b5943b0e1b859651d2ccf375bc96dfdd7000000000000000000000046,limit,sell,311470000,41,2025-04-16 19:54:01.546,canceled,2025-04-16 19:53:48.530
0x45e17c8c4c562470aaa34e3062253661e8485b2f65d43aa13bb88fa2f0f79774,0x9f70beeed6a8ea48b1eab7a608a2af600d432ee6eda7fba2965875a8e9702b77,0x935b705b5943b0e1b859651d2ccf375bc96dfdd7000000000000000000000046,limit,buy,311150000,41,2025-04-16 19:53:48.530,canceled,2025-04-16 19:53:47.856
0x14e0da4079249e94b09b04220379fe25345e5ecf9f4704152e17c637ac5a4c2c,0x9f70beeed6a8ea48b1eab7a608a2af600d432ee6eda7fba2965875a8e9702b77,0x935b705b5943b0e1b859651d2ccf375bc96dfdd7000000000000000000000046,limit,sell,311520000,41,2025-04-16 19:53:48.530,canceled,2025-04-16 19:53:47.856
0x727443b73c3de8ab5dfef9860a02ed0839fe5268ef3f99d6a7ec82bf34763c2f,0x9f70beeed6a8ea48b1eab7a608a2af600d432ee6eda7fba2965875a8e9702b77,0x935b705b5943b0e1b859651d2ccf375bc96dfdd7000000000000000000000046,limit,buy,311150000,41,2025-04-16 19:53:47.856,canceled,2025-04-16 19:53:44.283
0x6cc19528e3e1492e771f02b988d5ef962b964bec62068011e671685551ae82d0,0x9f70beeed6a8ea48b1eab7a608a2af600d432ee6eda7fba2965875a8e9702b77,0x935b705b5943b0e1b859651d2ccf375bc96dfdd7000000000000000000000046,limit,sell,311390000,41,2025-04-16 19:53:47.856,canceled,2025-04-16 19:53:44.283
0x6e9e64700de1acc33401cce3f7e5efce76546925abbf80a22c6528ae3676841a,0x9f70beeed6a8ea48b1eab7a608a2af600d432ee6eda7fba2965875a8e9702b77,0x935b705b5943b0e1b859651d2ccf375bc96dfdd7000000000000000000000046,limit,buy,310880000,41,2025-04-16 19:53:44.283,canceled,2025-04-16 19:53:43.550
0xf721281c0da924f900fbb7c86dff70c8b9a8f175b91a567c35343f39b4b333c0,0x9f70beeed6a8ea48b1eab7a608a2af600d432ee6eda7fba2965875a8e9702b77,0x935b705b5943b0e1b859651d2ccf375bc96dfdd7000000000000000000000046,limit,sell,311020000,41,2025-04-16 19:53:44.283,canceled,2025-04-16 19:53:43.550
0x26846b4c1e38ad29eb13d153209c75c8919656f5e19e15d65b9072c907dfa327,0x9f70beeed6a8ea48b1eab7a608a2af600d432ee6eda7fba2965875a8e9702b77,0x935b705b5943b0e1b859651d2ccf375bc96dfdd7000000000000000000000046,limit,buy,310470000,41,2025-04-16 19:53:43.550,canceled,2025-04-16 19:52:46.662
0xb62fd3097807c5bacf722bec936122ab6399ea6f313bec3846f50cd24afac2be,0x9f70beeed6a8ea48b1eab7a608a2af600d432ee6eda7fba2965875a8e9702b77,0x935b705b5943b0e1b859651d2ccf375bc96dfdd7000000000000000000000046,limit,sell,311050000,41,2025-04-16 19:53:43.550,canceled,2025-04-16 19:52:46.662
0x25e5c35f31a2475a2611eb0d0d8e9df5ae636d5d085ebecfcb20709fdbb93e0a,0x9f70beeed6a8ea48b1eab7a608a2af600d432ee6eda7fba2965875a8e9702b77,0x935b705b5943b0e1b859651d2ccf375bc96dfdd7000000000000000000000046,limit,buy,310410000,41,2025-04-16 19:52:46.662,canceled,2025-04-16 19:52:45.990
0x91d86f11f4eecebd8aeea862da90c99908c66339a923fab9cc2d1a3dbf4513cd,0x9f70beeed6a8ea48b1eab7a608a2af600d432ee6eda7fba2965875a8e9702b77,0x935b705b5943b0e1b859651d2ccf375bc96dfdd7000000000000000000000046,limit,sell,311020000,41,2025-04-16 19:52:46.662,canceled,2025-04-16 19:52:45.990
0x42ced1d9bd6e54a5f01cc4e700e8a17af8d160e8e2ce550ca9254ce8d842c5da,0x9f70beeed6a8ea48b1eab7a608a2af600d432ee6eda7fba2965875a8e9702b77,0x935b705b5943b0e1b859651d2ccf375bc96dfdd7000000000000000000000046,limit,buy,310440000,41,2025-04-16 19:52:45.990,canceled,2025-04-16 19:52:44.020
0xa5358ad687d183de75be96552d10f93e9999fe9cee48dc24e895febf09f44b33,0x9f70beeed6a8ea48b1eab7a608a2af600d432ee6eda7fba2965875a8e9702b77,0x935b705b5943b0e1b859651d2ccf375bc96dfdd7000000000000000000000046,limit,sell,311020000,41,2025-04-16 19:52:45.990,canceled,2025-04-16 19:52:44.020
0x42f8e259069f1b528f891cbb5b4650ddb1a77e9fa03a1995bc0845589117b9f7,0x9f70beeed6a8ea48b1eab7a608a2af600d432ee6eda7fba2965875a8e9702b77,0x935b705b5943b0e1b859651d2ccf375bc96dfdd7000000000000000000000046,limit,buy,310530000,41,2025-04-16 19:52:44.020,canceled,2025-04-16 19:52:35.631
0x87f9703e13f7da71cbdd8ae71c3d3e1cca22959c65629b0632175a6a9ed25ddd,0x9f70beeed6a8ea48b1eab7a608a2af600d432ee6eda7fba2965875a8e9702b77,0x935b705b5943b0e1b859651d2ccf375bc96dfdd7000000000000000000000046,limit,sell,311160000,41,2025-04-16 19:52:44.020,canceled,2025-04-16 19:52:35.631
0xce930bcd5bb089fdc5ffbd68a4b71971aabd94dc9cf94cc3aee5f286f21eb837,0x9f70beeed6a8ea48b1eab7a608a2af600d432ee6eda7fba2965875a8e9702b77,0x935b705b5943b0e1b859651d2ccf375bc96dfdd7000000000000000000000046,limit,buy,310670000,41,2025-04-16 19:52:35.631,canceled,2025-04-16 19:52:15.288
0xaffc824923703ce12391f0a85aaed9258a2b3ca209cc81a22dfd986cfd3b6e7f,0x9f70beeed6a8ea48b1eab7a608a2af600d432ee6eda7fba2965875a8e9702b77,0x935b705b5943b0e1b859651d2ccf375bc96dfdd7000000000000000000000046,limit,sell,311220000,41,2025-04-16 19:52:35.631,canceled,2025-04-16 19:52:15.288
0x17a0b23ac027441e199764d86dd614b360e333f85087ca84da722aa21f72cd60,0x9f70beeed6a8ea48b1eab7a608a2af600d432ee6eda7fba2965875a8e9702b77,0x935b705b5943b0e1b859651d2ccf375bc96dfdd7000000000000000000000046,limit,buy,310670000,41,2025-04-16 19:52:15.288,canceled,2025-04-16 19:52:13.355
0x2e364aaf4fa9dd5e27842dff567a5663b8fb24700fa2f49e2325085333100030,0x9f70beeed6a8ea48b1eab7a608a2af600d432ee6eda7fba2965875a8e9702b77,0x935b705b5943b0e1b859651d2ccf375bc96dfdd7000000000000000000000046,limit,sell,311070000,41,2025-04-16 19:52:15.288,canceled,2025-04-16 19:52:13.355
0x3e85ca34d54b10ca6eb8768e50af871db3ac00998497b2a7a554c59890cc6ee6,0x9f70beeed6a8ea48b1eab7a608a2af600d432ee6eda7fba2965875a8e9702b77,0x935b705b5943b0e1b859651d2ccf375bc96dfdd7000000000000000000000046,limit,buy,310690000,41,2025-04-16 19:52:13.355,canceled,2025-04-16 19:52:10.745
0xa4c1048e028370d78b3838d2666f2540f8ae29b5dab5a2d329c0f3c57d15bc01,0x9f70beeed6a8ea48b1eab7a608a2af600d432ee6eda7fba2965875a8e9702b77,0x935b705b5943b0e1b859651d2ccf375bc96dfdd7000000000000000000000046,limit,sell,311260000,41,2025-04-16 19:52:13.355,canceled,2025-04-16 19:52:10.745
0xf7336e3e59a83aa2f249ff98949762d75d18c494cecc0cec1cb6c6b0e8d546a8,0x9f70beeed6a8ea48b1eab7a608a2af600d432ee6eda7fba2965875a8e9702b77,0x935b705b5943b0e1b859651d2ccf375bc96dfdd7000000000000000000000046,limit,buy,310800000,41,2025-04-16 19:52:10.745,canceled,2025-04-16 19:52:10.064
0x9d082b62b69963fa96eadf5a514d310a722f73a35cbdb737d05f3beb76940368,0x9f70beeed6a8ea48b1eab7a608a2af600d432ee6eda7fba2965875a8e9702b77,0x935b705b5943b0e1b859651d2ccf375bc96dfdd7000000000000000000000046,limit,sell,311520000,41,2025-04-16 19:52:10.745,canceled,2025-04-16 19:52:10.064
0xd1ba7becc4b4187e14c1e53daa612c98f56463b173fa2ec8e28df177f4bcc9bc,0x9f70beeed6a8ea48b1eab7a608a2af600d432ee6eda7fba2965875a8e9702b77,0x935b705b5943b0e1b859651d2ccf375bc96dfdd7000000000000000000000046,limit,buy,310980000,41,2025-04-16 19:52:10.064,canceled,2025-04-16 19:52:06.865
0xc5963065d656ad27d73ad9d59f29a496627e91bf24ed6dc26cf93ef55102ecd3,0x9f70beeed6a8ea48b1eab7a608a2af600d432ee6eda7fba2965875a8e9702b77,0x935b705b5943b0e1b859651d2ccf375bc96dfdd7000000000000000000000046,limit,sell,311520000,41,2025-04-16 19:52:10.064,canceled,2025-04-16 19:52:06.865
0x4621ec600799e84874312e5f9c501dbfb3bfb31679feabfa196697c0755af377,0x9f70beeed6a8ea48b1eab7a608a2af600d432ee6eda7fba2965875a8e9702b77,0x935b705b5943b0e1b859651d2ccf375bc96dfdd7000000000000000000000046,limit,buy,311110000,41,2025-04-16 19:52:06.865,canceled,2025-04-16 19:52:03.917
0x4b5c5fb8f39ac7cb3facb3203c6276ff31641fb0cef45783916f08b48405669e,0x9f70beeed6a8ea48b1eab7a608a2af600d432ee6eda7fba2965875a8e9702b77,0x935b705b5943b0e1b859651d2ccf375bc96dfdd7000000000000000000000046,limit,sell,311520000,41,2025-04-16 19:52:06.865,canceled,2025-04-16 19:52:03.917
0xeb3f836c30e5ec19c8c14ef02dadb829224367c9aac4efe2c03152063215f124,0x9f70beeed6a8ea48b1eab7a608a2af600d432ee6eda7fba2965875a8e9702b77,0x935b705b5943b0e1b859651d2ccf375bc96dfdd7000000000000000000000046,limit,buy,311110000,41,2025-04-16 19:52:03.917,canceled,2025-04-16 19:52:02.553
0xb5b5b00814df6c7eed46568c3d5563559888da47a7d7cba6b52b4d41db6f5441,0x9f70beeed6a8ea48b1eab7a608a2af600d432ee6eda7fba2965875a8e9702b77,0x935b705b5943b0e1b859651d2ccf375bc96dfdd7000000000000000000000046,limit,sell,311460000,41,2025-04-16 19:52:03.917,canceled,2025-04-16 19:52:02.553
0x65ed1a4c31ed5fcd1ac43103a25ed39b099473581368c6cd4fcc2b672e10808d,0x9f70beeed6a8ea48b1eab7a608a2af600d432ee6eda7fba2965875a8e9702b77,0x935b705b5943b0e1b859651d2ccf375bc96dfdd7000000000000000000000046,limit,buy,311120000,41,2025-04-16 19:52:02.553,canceled,2025-04-16 19:52:00.016
0x07398bed31b513b1f3f2f174aa0cac08f6848640ba84e90c86216ae9391454de,0x9f70beeed6a8ea48b1eab7a608a2af600d432ee6eda7fba2965875a8e9702b77,0x935b705b5943b0e1b859651d2ccf375bc96dfdd7000000000000000000000046,limit,sell,311620000,41,2025-04-16 19:52:02.553,canceled,2025-04-16 19:52:00.016
0xe061276a96a954adb9dbfb0a444722aa421af96b55dbe7b2829a837b1d12ea71,0x9f70beeed6a8ea48b1eab7a608a2af600d432ee6eda7fba2965875a8e9702b77,0x935b705b5943b0e1b859651d2ccf375bc96dfdd7000000000000000000000046,limit,buy,311270000,41,2025-04-16 19:52:00.016,canceled,2025-04-16 19:51:53.981
0x7f4ea47a0406755d7aa14e3025f3c0de082ec9d0815b8d5f0f1966fcfbdbbea0,0x9f70beeed6a8ea48b1eab7a608a2af600d432ee6eda7fba2965875a8e9702b77,0x935b705b5943b0e1b859651d2ccf375bc96dfdd7000000000000000000000046,limit,sell,311620000,41,2025-04-16 19:52:00.016,canceled,2025-04-16 19:51:53.981
0x90999e7b6192ec15112528abbe9a1b6ec2fde29246c61bb6cac37d63ec7a4161,0x9f70beeed6a8ea48b1eab7a608a2af600d432ee6eda7fba2965875a8e9702b77,0x935b705b5943b0e1b859651d2ccf375bc96dfdd7000000000000000000000046,limit,buy,310980000,41,2025-04-16 19:51:53.981,canceled,2025-04-16 19:51:47.217
0xef57687b5b34ba6b699128369507e8bd4d8a2ec0be5bfa3a01f652b2f88223f2,0x9f70beeed6a8ea48b1eab7a608a2af600d432ee6eda7fba2965875a8e9702b77,0x935b705b5943b0e1b859651d2ccf375bc96dfdd7000000000000000000000046,limit,sell,311520000,41,2025-04-16 19:51:53.981,canceled,2025-04-16 19:51:47.217
0x2ffe98e1fdb48e9473edc6779b040a1e23700a361ff5ab930ee804bab8087067,0x9f70beeed6a8ea48b1eab7a608a2af600d432ee6eda7fba2965875a8e9702b77,0x935b705b5943b0e1b859651d2ccf375bc96dfdd7000000000000000000000046,limit,buy,311040000,41,2025-04-16 19:51:47.217,canceled,2025-04-16 19:51:46.536
0xfee3bfe292734f18b66899fb452f0091f6614941c702b7ec811e692e18191af8,0x9f70beeed6a8ea48b1eab7a608a2af600d432ee6eda7fba2965875a8e9702b77,0x935b705b5943b0e1b859651d2ccf375bc96dfdd7000000000000000000000046,limit,sell,311520000,41,2025-04-16 19:51:47.217,canceled,2025-04-16 19:51:46.536
0x25d0a3bce5c427045a96eb674bf957f345b761ff14bcc0e76b0a9bc341145d74,0x9f70beeed6a8ea48b1eab7a608a2af600d432ee6eda7fba2965875a8e9702b77,0x935b705b5943b0e1b859651d2ccf375bc96dfdd7000000000000000000000046,limit,buy,310940000,41,2025-04-16 19:51:46.536,canceled,2025-04-16 19:51:45.901
0xa74c714323db96d63d193712216879eceeb55a272828d956f8947b5570b8cfb1,0x9f70beeed6a8ea48b1eab7a608a2af600d432ee6eda7fba2965875a8e9702b77,0x935b705b5943b0e1b859651d2ccf375bc96dfdd7000000000000000000000046,limit,sell,311510000,41,2025-04-16 19:51:46.536,canceled,2025-04-16 19:51:45.901
0x0d47a12614d39681152ba4b86e3135f06e2dd3898ac6199261d3fa0408213e22,0x9f70beeed6a8ea48b1eab7a608a2af600d432ee6eda7fba2965875a8e9702b77,0x935b705b5943b0e1b859651d2ccf375bc96dfdd7000000000000000000000046,limit,buy,310970000,41,2025-04-16 19:51:45.901,canceled,2025-04-16 19:51:43.952
0x9b0600d454d8255e6c96bedc498e41ec96ad73ec17271b4b3477607b74cb359e,0x9f70beeed6a8ea48b1eab7a608a2af600d432ee6eda7fba2965875a8e9702b77,0x935b705b5943b0e1b859651d2ccf375bc96dfdd7000000000000000000000046,limit,sell,311520000,41,2025-04-16 19:51:45.901,canceled,2025-04-16 19:51:43.952
0xfa9e90b3a9bc1fb977253d7cb8b1a510c76d3cd319aa7630353df1029c832daf,0x9f70beeed6a8ea48b1eab7a608a2af600d432ee6eda7fba2965875a8e9702b77,0x935b705b5943b0e1b859651d2ccf375bc96dfdd7000000000000000000000046,limit,buy,310980000,41,2025-04-16 19:51:43.952,canceled,2025-04-16 19:51:40.614
0xdf84267e275360276b9f555e97f6f154c455dd7eb75451c5d4bc85207f2d466f,0x9f70beeed6a8ea48b1eab7a608a2af600d432ee6eda7fba2965875a8e9702b77,0x935b705b5943b0e1b859651d2ccf375bc96dfdd7000000000000000000000046,limit,sell,311520000,41,2025-04-16 19:51:43.952,canceled,2025-04-16 19:51:40.614
0x5c498ccceec5608d90c69cb453f0ecac28acff6bcca4c55a5229f7750feaa630,0x9f70beeed6a8ea48b1eab7a608a2af600d432ee6eda7fba2965875a8e9702b77,0x935b705b5943b0e1b859651d2ccf375bc96dfdd7000000000000000000000046,limit,buy,310930000,41,2025-04-16 19:51:40.614,canceled,2025-04-16 19:51:36.839
0xf01b41e661df029d83c0010b2b2b14620e1596baf77fc749da324111e4b369b5,0x9f70beeed6a8ea48b1eab7a608a2af600d432ee6eda7fba2965875a8e9702b77,0x935b705b5943b0e1b859651d2ccf375bc96dfdd7000000000000000000000046,limit,sell,311330000,41,2025-04-16 19:51:40.614,canceled,2025-04-16 19:51:36.839
0x375748526406db6867aafed4d13ace9cdcf6e68fd69e6e107a903c4e253dcac7,0x9f70beeed6a8ea48b1eab7a608a2af600d432ee6eda7fba2965875a8e9702b77,0x935b705b5943b0e1b859651d2ccf375bc96dfdd7000000000000000000000046,limit,buy,310920000,41,2025-04-16 19:51:36.839,canceled,2025-04-16 19:51:36.198
0xa59c36336e9acbc6920e4c82a37f36e68dff4ddafdba5d86aba7c37bf00e1c5d,0x9f70beeed6a8ea48b1eab7a608a2af600d432ee6eda7fba2965875a8e9702b77,0x935b705b5943b0e1b859651d2ccf375bc96dfdd7000000000000000000000046,limit,sell,311110000,41,2025-04-16 19:51:36.839,canceled,2025-04-16 19:51:36.198
0xd2aa801ff0e42805c78faed273b3089c5010f3bbbff8e77978b035b19bdefa2e,0x9f70beeed6a8ea48b1eab7a608a2af600d432ee6eda7fba2965875a8e9702b77,0x935b705b5943b0e1b859651d2ccf375bc96dfdd7000000000000000000000046,limit,buy,310600000,41,2025-04-16 19:51:36.198,canceled,2025-04-16 19:51:32.922
0x3bb19f297035ded487a8d4c0f0de074fd8dfcc6a666f5402c72426a660be7321,0x9f70beeed6a8ea48b1eab7a608a2af600d432ee6eda7fba2965875a8e9702b77,0x935b705b5943b0e1b859651d2ccf375bc96dfdd7000000000000000000000046,limit,sell,311110000,41,2025-04-16 19:51:36.198,canceled,2025-04-16 19:51:32.922
0x6c18487853c08670252207cc021c58714337308af96979fe17c294e24e86a502,0x9f70beeed6a8ea48b1eab7a608a2af600d432ee6eda7fba2965875a8e9702b77,0x935b705b5943b0e1b859651d2ccf375bc96dfdd7000000000000000000000046,limit,buy,310340000,41,2025-04-16 19:51:32.922,canceled,2025-04-16 19:51:26.946
0x58f3892a2993c40112dd25f529b598e513a39b27c376d51c54b1ec2bee46296e,0x9f70beeed6a8ea48b1eab7a608a2af600d432ee6eda7fba2965875a8e9702b77,0x935b705b5943b0e1b859651d2ccf375bc96dfdd7000000000000000000000046,limit,sell,310970000,41,2025-04-16 19:51:32.922,canceled,2025-04-16 19:51:26.946
0xb9fc45c69ddc606bc02665d3ea03ac9ec6ca39d5c7edf2e6c92895ccc556b177,0x9f70beeed6a8ea48b1eab7a608a2af600d432ee6eda7fba2965875a8e9702b77,0x935b705b5943b0e1b859651d2ccf375bc96dfdd7000000000000000000000046,limit,buy,310400000,41,2025-04-16 19:51:26.946,canceled,2025-04-16 19:51:25.573
0x8a0a5f94ffa41f5a95ef23cc498b96e9b8a682b70e1003ef68263d5eb9b84cab,0x9f70beeed6a8ea48b1eab7a608a2af600d432ee6eda7fba2965875a8e9702b77,0x935b705b5943b0e1b859651d2ccf375bc96dfdd7000000000000000000000046,limit,sell,310970000,41,2025-04-16 19:51:26.946,canceled,2025-04-16 19:51:25.573
0x35f8761cc20b957d6acf1bd5f2b0fc221b48bfc597c84d2851e7fbca6b925e60,0x9f70beeed6a8ea48b1eab7a608a2af600d432ee6eda7fba2965875a8e9702b77,0x935b705b5943b0e1b859651d2ccf375bc96dfdd7000000000000000000000046,limit,buy,310670000,41,2025-04-16 19:51:25.573,canceled,2025-04-16 19:51:22.955
0xc170c8f33b7bb725d7b6507824a61b535d3d9f73b13a90518d5bf2914b9c5a64,0x9f70beeed6a8ea48b1eab7a608a2af600d432ee6eda7fba2965875a8e9702b77,0x935b705b5943b0e1b859651d2ccf375bc96dfdd7000000000000000000000046,limit,sell,310970000,41,2025-04-16 19:51:25.573,canceled,2025-04-16 19:51:22.955
0x4cbc9e5b5a0cab8bbae7bd7d00754bd7e959927cb1fcb78cb3e9ee89a6a133a8,0x9f70beeed6a8ea48b1eab7a608a2af600d432ee6eda7fba2965875a8e9702b77,0x935b705b5943b0e1b859651d2ccf375bc96dfdd7000000000000000000000046,limit,buy,310680000,41,2025-04-16 19:51:22.955,canceled,2025-04-16 19:51:21.616
0xc618ef5c64871b503f84166649961d2dbceef470d8687ddef69c820c6e928de9,0x9f70beeed6a8ea48b1eab7a608a2af600d432ee6eda7fba2965875a8e9702b77,0x935b705b5943b0e1b859651d2ccf375bc96dfdd7000000000000000000000046,limit,sell,310970000,41,2025-04-16 19:51:22.955,canceled,2025-04-16 19:51:21.616
0x41325ed803091abf2d8d7672eafa310b8eeb09ea848b4d101ebd7d70ffbf0f15,0x9f70beeed6a8ea48b1eab7a608a2af600d432ee6eda7fba2965875a8e9702b77,0x935b705b5943b0e1b859651d2ccf375bc96dfdd7000000000000000000000046,limit,buy,310360000,41,2025-04-16 19:51:21.616,canceled,2025-04-16 19:51:14.134
0xdced85520a84cf0b269a1db49126e597390005ceb216e2c3ce5c3f180540bba8,0x9f70beeed6a8ea48b1eab7a608a2af600d432ee6eda7fba2965875a8e9702b77,0x935b705b5943b0e1b859651d2ccf375bc96dfdd7000000000000000000000046,limit,sell,310970000,41,2025-04-16 19:51:21.616,canceled,2025-04-16 19:51:14.134
0xa6d57ad77ab4be9c4417b4b0c12c16995f9341f29b50a8f06177520b31d54f4c,0x9f70beeed6a8ea48b1eab7a608a2af600d432ee6eda7fba2965875a8e9702b77,0x935b705b5943b0e1b859651d2ccf375bc96dfdd7000000000000000000000046,limit,buy,310640000,41,2025-04-16 19:51:14.134,canceled,2025-04-16 19:51:13.493
0xc6ac2c8e658ccf2695c0d344da61ba328940b3768466a969fa1313a11bc29246,0x9f70beeed6a8ea48b1eab7a608a2af600d432ee6eda7fba2965875a8e9702b77,0x935b705b5943b0e1b859651d2ccf375bc96dfdd7000000000000000000000046,limit,sell,310970000,41,2025-04-16 19:51:14.134,canceled,2025-04-16 19:51:13.493
0x5b81696664e53ef9e81d6c895b0206d17bab599db75b67f6c0a63af38246d2ee,0x9f70beeed6a8ea48b1eab7a608a2af600d432ee6eda7fba2965875a8e9702b77,0x935b705b5943b0e1b859651d2ccf375bc96dfdd7000000000000000000000046,limit,buy,310630000,41,2025-04-16 19:51:13.493,canceled,2025-04-16 19:51:12.800
0xac20946aebc2cf3a612f9d521f0f911ed35595d9665543acc1e4100f626dd296,0x9f70beeed6a8ea48b1eab7a608a2af600d432ee6eda7fba2965875a8e9702b77,0x935b705b5943b0e1b859651d2ccf375bc96dfdd7000000000000000000000046,limit,sell,310830000,41,2025-04-16 19:51:13.493,canceled,2025-04-16 19:51:12.800
0xe739ffe469d62beb81aca80c58664208eb33ed4bfb4f5f000085e55313f204fa,0x9f70beeed6a8ea48b1eab7a608a2af600d432ee6eda7fba2965875a8e9702b77,0x935b705b5943b0e1b859651d2ccf375bc96dfdd7000000000000000000000046,limit,buy,310290000,41,2025-04-16 19:51:12.800,canceled,2025-04-16 19:51:12.052
0xb07a3a9872ff2766bb9bc1bd9c6098a1e73dfae1e7ebe54e4d56081c1216878f,0x9f70beeed6a8ea48b1eab7a608a2af600d432ee6eda7fba2965875a8e9702b77,0x935b705b5943b0e1b859651d2ccf375bc96dfdd7000000000000000000000046,limit,sell,310800000,41,2025-04-16 19:51:12.800,canceled,2025-04-16 19:51:12.052
0x5512009d26e2da285aedb83d365f61f3bd1303d7c78bde935aa1183a169fd1fd,0x9f70beeed6a8ea48b1eab7a608a2af600d432ee6eda7fba2965875a8e9702b77,0x935b705b5943b0e1b859651d2ccf375bc96dfdd7000000000000000000000046,limit,buy,310280000,41,2025-04-16 19:51:12.052,canceled,2025-04-16 19:51:10.974
0x2a5ba291a77b3e52fccabc798c934a6ac6b6b9f50c01b8baa9b0d09d57ba918d,0x9f70beeed6a8ea48b1eab7a608a2af600d432ee6eda7fba2965875a8e9702b77,0x935b705b5943b0e1b859651d2ccf375bc96dfdd7000000000000000000000046,limit,sell,310640000,41,2025-04-16 19:51:12.052,canceled,2025-04-16 19:51:10.974
